[
  {
    "公司名称": "2019-04-17北京映翰通网络技术股份有限公司科创板首次公开发行股票招股说明书（申报稿）",
    "原文链接": "http://static.sse.com.cn/stock/information/c/201904/6242dc1f48c748899ab0a4b0365ac805.pdf",
    "报告期": "2019-03-31",
    "数据期": "2019-01-03",
    "所在页": 19,
    "资产总额": "",
    "归属于母公司所有者权益": "",
    "资产负债率（母公司）": "",
    "资产负债率（合并）": "",
    "营业收入": "",
    "净利润": "",
    "归属于母公司所有者的净利润": "",
    "扣除非经常性损益后归属于母公司所有者的净利润": "",
    "基本每股收益": "",
    "稀释每股收益": "",
    "加权平均净资产收益率": "",
    "经营活动产生的现金流量净额": "",
    "现金分红": "",
    "研发投入占营业收入的比例": "",
    "息税折旧摊销前利润": ""
  },
  {
    "公司名称": "2019-04-17北京映翰通网络技术股份有限公司科创板首次公开发行股票招股说明书（申报稿）",
    "原文链接": "http://static.sse.com.cn/stock/information/c/201904/6242dc1f48c748899ab0a4b0365ac805.pdf",
    "报告期": "2019-03-31",
    "数据期": "2018-12-31",
    "所在页": 19,
    "资产总额": "317,997,100.00",
    "归属于母公司所有者权益": "255,268,700.00",
    "资产负债率（母公司）": 0.245,
    "资产负债率（合并）": null,
    "营业收入": "276,433,200.00",
    "净利润": "46,026,500.00",
    "归属于母公司所有者的净利润": "46,546,000.0",
    "扣除非经常性损益后归属于母公司所有者的净利润": "44,730,100.00",
    "基本每股收益": 1.18,
    "稀释每股收益": 1.18,
    "加权平均净资产收益率": 0.2005,
    "经营活动产生的现金流量净额": "34,133,000.0",
    "现金分红": "-",
    "研发投入占营业收入的比例": "10.24%",
    "息税折旧摊销前利润": ""
  },
  {
    "公司名称": "2019-04-17北京映翰通网络技术股份有限公司科创板首次公开发行股票招股说明书（申报稿）",
    "原文链接": "http://static.sse.com.cn/stock/information/c/201904/6242dc1f48c748899ab0a4b0365ac805.pdf",
    "报告期": "2019-03-31",
    "数据期": "2017-12-31",
    "所在页": 19,
    "资产总额": "277,997,900.00",
    "归属于母公司所有者权益": "209,183,800.00",
    "资产负债率（母公司）": 0.3003,
    "资产负债率（合并）": null,
    "营业收入": "229,225,900.00",
    "净利润": "32,194,000.0",
    "归属于母公司所有者的净利润": "32,298,100.00",
    "扣除非经常性损益后归属于母公司所有者的净利润": "35,631,400.00",
    "基本每股收益": 0.86,
    "稀释每股收益": 0.86,
    "加权平均净资产收益率": 0.206,
    "经营活动产生的现金流量净额": "-24,715,500.00",
    "现金分红": "-",
    "研发投入占营业收入的比例": "8.48%",
    "息税折旧摊销前利润": ""
  },
  {
    "公司名称": "2019-04-17北京映翰通网络技术股份有限公司科创板首次公开发行股票招股说明书（申报稿）",
    "原文链接": "http://static.sse.com.cn/stock/information/c/201904/6242dc1f48c748899ab0a4b0365ac805.pdf",
    "报告期": "2019-03-31",
    "数据期": "2016-12-31",
    "所在页": 19,
    "资产总额": "148,114,300.00",
    "归属于母公司所有者权益": "106,588,100.00",
    "资产负债率（母公司）": 0.2786,
    "资产负债率（合并）": 0,
    "营业收入": "144,599,900.00",
    "净利润": "22,924,100.00",
    "归属于母公司所有者的净利润": "22,713,000.0",
    "扣除非经常性损益后归属于母公司所有者的净利润": "22,342,000.0",
    "基本每股收益": 0.66,
    "稀释每股收益": 0.66,
    "加权平均净资产收益率": 0.24,
    "经营活动产生的现金流量净额": "461,700.00",
    "现金分红": "-",
    "研发投入占营业收入的比例": "11.14%",
    "息税折旧摊销前利润": ""
  },
  {
    "公司名称": "2019-04-15浙江杭可科技股份有限公司科创板首次公开发行股票招股说明书（申报稿）",
    "原文链接": "http://static.sse.com.cn/stock/information/c/201904/8296691b51d544939f9aa6034fd5be75.pdf",
    "报告期": "2019-03-31",
    "数据期": "2019-01-03",
    "所在页": 23,
    "资产总额": "",
    "归属于母公司所有者权益": "",
    "资产负债率（母公司）": null,
    "资产负债率（合并）": null,
    "营业收入": "",
    "净利润": "",
    "归属于母公司所有者的净利润": "",
    "扣除非经常性损益后归属于母公司所有者的净利润": "",
    "基本每股收益": "",
    "稀释每股收益": "",
    "加权平均净资产收益率": null,
    "经营活动产生的现金流量净额": "",
    "现金分红": "",
    "研发投入占营业收入的比例": "",
    "息税折旧摊销前利润": ""
  },
  {
    "公司名称": "2019-04-15浙江杭可科技股份有限公司科创板首次公开发行股票招股说明书（申报稿）",
    "原文链接": "http://static.sse.com.cn/stock/information/c/201904/8296691b51d544939f9aa6034fd5be75.pdf",
    "报告期": "2019-03-31",
    "数据期": "2018-12-31",
    "所在页": 23,
    "资产总额": "2,307,894,900.00",
    "归属于母公司所有者权益": "911,539,800.00",
    "资产负债率（母公司）": 0.6052,
    "资产负债率（合并）": null,
    "营业收入": "1,109,306,200.00",
    "净利润": "286,237,500.00",
    "归属于母公司所有者的净利润": "286,237,500.00",
    "扣除非经常性损益后归属于母公司所有者的净利润": "276,388,300.00",
    "基本每股收益": 0.8,
    "稀释每股收益": 0.8,
    "加权平均净资产收益率": 0.3656,
    "经营活动产生的现金流量净额": "252,831,400.00",
    "现金分红": "36,000,000.0",
    "研发投入占营业收入的比例": "5.18%",
    "息税折旧摊销前利润": ""
  },
  {
    "公司名称": "2019-04-15浙江杭可科技股份有限公司科创板首次公开发行股票招股说明书（申报稿）",
    "原文链接": "http://static.sse.com.cn/stock/information/c/201904/8296691b51d544939f9aa6034fd5be75.pdf",
    "报告期": "2019-03-31",
    "数据期": "2017-12-31",
    "所在页": 23,
    "资产总额": "1,836,469,500.00",
    "归属于母公司所有者权益": "660,326,900.00",
    "资产负债率（母公司）": 0.6404,
    "资产负债率（合并）": null,
    "营业收入": "770,982,800.00",
    "净利润": "180,587,100.00",
    "归属于母公司所有者的净利润": "180,587,100.00",
    "扣除非经常性损益后归属于母公司所有者的净利润": "182,303,400.00",
    "基本每股收益": 0.5,
    "稀释每股收益": 0.5,
    "加权平均净资产收益率": 0.315,
    "经营活动产生的现金流量净额": "277,605,200.00",
    "现金分红": "15,000,000.0",
    "研发投入占营业收入的比例": "6.36%",
    "息税折旧摊销前利润": ""
  },
  {
    "公司名称": "2019-04-15浙江杭可科技股份有限公司科创板首次公开发行股票招股说明书（申报稿）",
    "原文链接": "http://static.sse.com.cn/stock/information/c/201904/8296691b51d544939f9aa6034fd5be75.pdf",
    "报告期": "2019-03-31",
    "数据期": "2016-12-31",
    "所在页": 23,
    "资产总额": "1,252,784,900.00",
    "归属于母公司所有者权益": "486,207,200.00",
    "资产负债率（母公司）": 0.6119,
    "资产负债率（合并）": null,
    "营业收入": "410,215,300.00",
    "净利润": "91,920,100.00",
    "归属于母公司所有者的净利润": "89,706,600.00",
    "扣除非经常性损益后归属于母公司所有者的净利润": "74,572,600.00",
    "基本每股收益": 1.78,
    "稀释每股收益": 1.78,
    "加权平均净资产收益率": 0.5637,
    "经营活动产生的现金流量净额": "131,451,300.00",
    "现金分红": "66,819,700.00",
    "研发投入占营业收入的比例": "6.38%",
    "息税折旧摊销前利润": ""
  },
  {
    "公司名称": "2019-03-29赛诺医疗科学技术股份有限公司科创板首次公开发行股票招股说明书（申报稿）",
    "原文链接": "http://static.sse.com.cn/stock/information/c/201903/c51643ee8e2d4ec0b637d7be708dfec7.pdf",
    "报告期": "2019-03-31",
    "数据期": "2019-01-03",
    "所在页": 32,
    "资产总额": "",
    "归属于母公司所有者权益": "",
    "资产负债率（母公司）": null,
    "资产负债率（合并）": null,
    "营业收入": "",
    "净利润": "",
    "归属于母公司所有者的净利润": "",
    "扣除非经常性损益后归属于母公司所有者的净利润": "",
    "基本每股收益": "",
    "稀释每股收益": "",
    "加权平均净资产收益率": null,
    "经营活动产生的现金流量净额": "",
    "现金分红": "",
    "研发投入占营业收入的比例": "",
    "息税折旧摊销前利润": ""
  },
  {
    "公司名称": "2019-03-29赛诺医疗科学技术股份有限公司科创板首次公开发行股票招股说明书（申报稿）",
    "原文链接": "http://static.sse.com.cn/stock/information/c/201903/c51643ee8e2d4ec0b637d7be708dfec7.pdf",
    "报告期": "2019-03-31",
    "数据期": "2018-12-31",
    "所在页": 32,
    "资产总额": "806,102,300.00",
    "归属于母公司所有者权益": "701,276,000.0",
    "资产负债率（母公司）": 0.075,
    "资产负债率（合并）": null,
    "营业收入": "380,422,100.00",
    "净利润": "89,190,400.00",
    "归属于母公司所有者的净利润": "89,190,400.00",
    "扣除非经常性损益后归属于母公司所有者的净利润": "87,501,600.00",
    "基本每股收益": 0.25,
    "稀释每股收益": 0.25,
    "加权平均净资产收益率": 0.1364,
    "经营活动产生的现金流量净额": "97,562,200.00",
    "现金分红": "-",
    "研发投入占营业收入的比例": "34.17%",
    "息税折旧摊销前利润": ""
  },
  {
    "公司名称": "2019-03-29赛诺医疗科学技术股份有限公司科创板首次公开发行股票招股说明书（申报稿）",
    "原文链接": "http://static.sse.com.cn/stock/information/c/201903/c51643ee8e2d4ec0b637d7be708dfec7.pdf",
    "报告期": "2019-03-31",
    "数据期": "2017-12-31",
    "所在页": 32,
    "资产总额": "710,325,900.00",
    "归属于母公司所有者权益": "606,701,900.00",
    "资产负债率（母公司）": 0.0959,
    "资产负债率（合并）": null,
    "营业收入": "322,004,700.00",
    "净利润": "66,145,800.00",
    "归属于母公司所有者的净利润": "66,145,800.00",
    "扣除非经常性损益后归属于母公司所有者的净利润": "71,417,800.00",
    "基本每股收益": 0.29,
    "稀释每股收益": 0.29,
    "加权平均净资产收益率": 0.1727,
    "经营活动产生的现金流量净额": "70,322,900.00",
    "现金分红": "-",
    "研发投入占营业收入的比例": "31.8%",
    "息税折旧摊销前利润": ""
  },
  {
    "公司名称": "2019-03-29赛诺医疗科学技术股份有限公司科创板首次公开发行股票招股说明书（申报稿）",
    "原文链接": "http://static.sse.com.cn/stock/information/c/201903/c51643ee8e2d4ec0b637d7be708dfec7.pdf",
    "报告期": "2019-03-31",
    "数据期": "2016-12-31",
    "所在页": 32,
    "资产总额": "280,812,300.00",
    "归属于母公司所有者权益": "202,748,000.0",
    "资产负债率（母公司）": 0.1852,
    "资产负债率（合并）": null,
    "营业收入": "265,614,200.00",
    "净利润": "28,650,500.00",
    "归属于母公司所有者的净利润": "28,650,500.00",
    "扣除非经常性损益后归属于母公司所有者的净利润": "27,669,200.00",
    "基本每股收益": 0.14,
    "稀释每股收益": 0.14,
    "加权平均净资产收益率": 0.1345,
    "经营活动产生的现金流量净额": "42,244,300.00",
    "现金分红": "-",
    "研发投入占营业收入的比例": "35.26%",
    "息税折旧摊销前利润": ""
  },
  {
    "公司名称": "2019-04-08博瑞生物医药（苏州）股份有限公司科创板首次公开发行股票招股说明书（申报稿）",
    "原文链接": "http://static.sse.com.cn/stock/information/c/201904/a214212ea1964dfa807cea29e97bce29.pdf",
    "报告期": "2019-03-31",
    "数据期": "2019-01-03",
    "所在页": 50,
    "资产总额": "",
    "归属于母公司所有者权益": "",
    "资产负债率（母公司）": null,
    "资产负债率（合并）": null,
    "营业收入": "",
    "净利润": "",
    "归属于母公司所有者的净利润": "",
    "扣除非经常性损益后归属于母公司所有者的净利润": "",
    "基本每股收益": "",
    "稀释每股收益": "",
    "加权平均净资产收益率": null,
    "经营活动产生的现金流量净额": "",
    "现金分红": "",
    "研发投入占营业收入的比例": "",
    "息税折旧摊销前利润": ""
  },
  {
    "公司名称": "2019-04-08博瑞生物医药（苏州）股份有限公司科创板首次公开发行股票招股说明书（申报稿）",
    "原文链接": "http://static.sse.com.cn/stock/information/c/201904/a214212ea1964dfa807cea29e97bce29.pdf",
    "报告期": "2019-03-31",
    "数据期": "2018-12-31",
    "所在页": 50,
    "资产总额": "878,368,600.00",
    "归属于母公司所有者权益": "772,846,400.00",
    "资产负债率（母公司）": 0.1388,
    "资产负债率（合并）": null,
    "营业收入": "411,270,000.0",
    "净利润": "76,243,700.00",
    "归属于母公司所有者的净利润": "76,243,700.00",
    "扣除非经常性损益后归属于母公司所有者的净利润": "74,957,200.00",
    "基本每股收益": 0.22,
    "稀释每股收益": 0.22,
    "加权平均净资产收益率": 0.1574,
    "经营活动产生的现金流量净额": "63,988,200.00",
    "现金分红": "-",
    "研发投入占营业收入的比例": "23.37%",
    "息税折旧摊销前利润": ""
  },
  {
    "公司名称": "2019-04-08博瑞生物医药（苏州）股份有限公司科创板首次公开发行股票招股说明书（申报稿）",
    "原文链接": "http://static.sse.com.cn/stock/information/c/201904/a214212ea1964dfa807cea29e97bce29.pdf",
    "报告期": "2019-03-31",
    "数据期": "2017-12-31",
    "所在页": 50,
    "资产总额": "524,915,400.00",
    "归属于母公司所有者权益": "446,023,500.00",
    "资产负债率（母公司）": 0.0778,
    "资产负债率（合并）": null,
    "营业收入": "316,770,500.00",
    "净利润": "45,876,400.00",
    "归属于母公司所有者的净利润": "45,876,400.00",
    "扣除非经常性损益后归属于母公司所有者的净利润": "43,518,000.0",
    "基本每股收益": 0.14,
    "稀释每股收益": 0.14,
    "加权平均净资产收益率": 0.1145,
    "经营活动产生的现金流量净额": "35,767,100.00",
    "现金分红": "-",
    "研发投入占营业收入的比例": "25.51%",
    "息税折旧摊销前利润": ""
  },
  {
    "公司名称": "2019-04-08博瑞生物医药（苏州）股份有限公司科创板首次公开发行股票招股说明书（申报稿）",
    "原文链接": "http://static.sse.com.cn/stock/information/c/201904/a214212ea1964dfa807cea29e97bce29.pdf",
    "报告期": "2019-03-31",
    "数据期": "2016-12-31",
    "所在页": 50,
    "资产总额": "384,194,500.00",
    "归属于母公司所有者权益": "220,147,100.00",
    "资产负债率（母公司）": 0.3598,
    "资产负债率（合并）": null,
    "营业收入": "200,924,800.00",
    "净利润": "17,061,000.0",
    "归属于母公司所有者的净利润": "17,061,000.0",
    "扣除非经常性损益后归属于母公司所有者的净利润": "14,118,800.00",
    "基本每股收益": 0.06,
    "稀释每股收益": 0.06,
    "加权平均净资产收益率": 0.0806,
    "经营活动产生的现金流量净额": "29,733,000.0",
    "现金分红": "-",
    "研发投入占营业收入的比例": "26.66%",
    "息税折旧摊销前利润": ""
  },
  {
    "公司名称": "2019-05-08北京金山办公软件股份有限公司科创板首次公开发行股票招股说明书（申报稿）",
    "原文链接": "http://static.sse.com.cn/stock/information/c/201905/fe67eecaa5d347bfafa22421e25db4fe.pdf",
    "报告期": "2019-03-31",
    "数据期": "2019-01-03",
    "所在页": 21,
    "资产总额": "",
    "归属于母公司所有者权益": "",
    "资产负债率（母公司）": null,
    "资产负债率（合并）": null,
    "营业收入": "",
    "净利润": "",
    "归属于母公司所有者的净利润": "",
    "扣除非经常性损益后归属于母公司所有者的净利润": "",
    "基本每股收益": "",
    "稀释每股收益": "",
    "加权平均净资产收益率": null,
    "经营活动产生的现金流量净额": "",
    "现金分红": "",
    "研发投入占营业收入的比例": "",
    "息税折旧摊销前利润": ""
  },
  {
    "公司名称": "2019-05-08北京金山办公软件股份有限公司科创板首次公开发行股票招股说明书（申报稿）",
    "原文链接": "http://static.sse.com.cn/stock/information/c/201905/fe67eecaa5d347bfafa22421e25db4fe.pdf",
    "报告期": "2019-03-31",
    "数据期": "2018-12-31",
    "所在页": 21,
    "资产总额": "1,627,379,700.00",
    "归属于母公司所有者权益": "1,186,932,800.00",
    "资产负债率（母公司）": 0.1364,
    "资产负债率（合并）": null,
    "营业收入": "1,129,681,100.00",
    "净利润": "310,666,600.00",
    "归属于母公司所有者的净利润": "310,666,600.00",
    "扣除非经常性损益后归属于母公司所有者的净利润": "269,751,900.00",
    "基本每股收益": 0.86,
    "稀释每股收益": 0.86,
    "加权平均净资产收益率": 0.2684,
    "经营活动产生的现金流量净额": "418,097,800.00",
    "现金分红": "180,000,000.0",
    "研发投入占营业收入的比例": "37.85%",
    "息税折旧摊销前利润": ""
  },
  {
    "公司名称": "2019-05-08北京金山办公软件股份有限公司科创板首次公开发行股票招股说明书（申报稿）",
    "原文链接": "http://static.sse.com.cn/stock/information/c/201905/fe67eecaa5d347bfafa22421e25db4fe.pdf",
    "报告期": "2019-03-31",
    "数据期": "2017-12-31",
    "所在页": 21,
    "资产总额": "1,279,250,900.00",
    "归属于母公司所有者权益": "1,039,068,900.00",
    "资产负债率（母公司）": 0.1111,
    "资产负债率（合并）": null,
    "营业收入": "753,265,000.0",
    "净利润": "214,337,300.00",
    "归属于母公司所有者的净利润": "214,337,300.00",
    "扣除非经常性损益后归属于母公司所有者的净利润": "192,191,900.00",
    "基本每股收益": 0.6,
    "稀释每股收益": 0.6,
    "加权平均净资产收益率": 0.2317,
    "经营活动产生的现金流量净额": "346,774,900.00",
    "现金分红": "20,000,000.0",
    "研发投入占营业收入的比例": "35.31%",
    "息税折旧摊销前利润": ""
  },
  {
    "公司名称": "2019-05-08北京金山办公软件股份有限公司科创板首次公开发行股票招股说明书（申报稿）",
    "原文链接": "http://static.sse.com.cn/stock/information/c/201905/fe67eecaa5d347bfafa22421e25db4fe.pdf",
    "报告期": "2019-03-31",
    "数据期": "2016-12-31",
    "所在页": 21,
    "资产总额": "943,957,900.00",
    "归属于母公司所有者权益": "815,822,300.00",
    "资产负债率（母公司）": 0.0845,
    "资产负债率（合并）": null,
    "营业收入": "542,522,700.00",
    "净利润": "129,927,400.00",
    "归属于母公司所有者的净利润": "129,927,400.00",
    "扣除非经常性损益后归属于母公司所有者的净利润": "113,170,400.00",
    "基本每股收益": 0.36,
    "稀释每股收益": 0.36,
    "加权平均净资产收益率": 0.1977,
    "经营活动产生的现金流量净额": "137,500,100.00",
    "现金分红": "-",
    "研发投入占营业收入的比例": "39.43%",
    "息税折旧摊销前利润": ""
  },
  {
    "公司名称": "2019-04-02深圳市创鑫激光股份有限公司科创板首次公开发行股票招股说明书（申报稿）",
    "原文链接": "http://static.sse.com.cn/stock/information/c/201904/af0ed4b5a9ca4515bdb36797822c78c5.pdf",
    "报告期": "2019-03-31",
    "数据期": "2019-01-03",
    "所在页": 42,
    "资产总额": "",
    "归属于母公司所有者权益": "",
    "资产负债率（母公司）": null,
    "资产负债率（合并）": null,
    "营业收入": "",
    "净利润": "",
    "归属于母公司所有者的净利润": "",
    "扣除非经常性损益后归属于母公司所有者的净利润": "",
    "基本每股收益": "",
    "稀释每股收益": "",
    "加权平均净资产收益率": null,
    "经营活动产生的现金流量净额": "",
    "现金分红": "",
    "研发投入占营业收入的比例": "",
    "息税折旧摊销前利润": ""
  },
  {
    "公司名称": "2019-04-02深圳市创鑫激光股份有限公司科创板首次公开发行股票招股说明书（申报稿）",
    "原文链接": "http://static.sse.com.cn/stock/information/c/201904/af0ed4b5a9ca4515bdb36797822c78c5.pdf",
    "报告期": "2019-03-31",
    "数据期": "2018-12-31",
    "所在页": 42,
    "资产总额": "829,121,400.0",
    "归属于母公司所有者权益": "620,693,900.0",
    "资产负债率（母公司）": 0.2552,
    "资产负债率（合并）": null,
    "营业收入": "710,223,900.0",
    "净利润": "106,473,900.0",
    "归属于母公司所有者的净利润": "106,473,900.0",
    "扣除非经常性损益后归属于母公司所有者的净利润": "100,653,900.0",
    "基本每股收益": 1.57,
    "稀释每股收益": 1.57,
    "加权平均净资产收益率": 0.2926,
    "经营活动产生的现金流量净额": "3,504,100.0",
    "现金分红": "-",
    "研发投入占营业收入的比例": "6.0%",
    "息税折旧摊销前利润": ""
  },
  {
    "公司名称": "2019-04-02深圳市创鑫激光股份有限公司科创板首次公开发行股票招股说明书（申报稿）",
    "原文链接": "http://static.sse.com.cn/stock/information/c/201904/af0ed4b5a9ca4515bdb36797822c78c5.pdf",
    "报告期": "2019-03-31",
    "数据期": "2017-12-31",
    "所在页": 42,
    "资产总额": "470,202,300.0",
    "归属于母公司所有者权益": "291,877,800.0",
    "资产负债率（母公司）": 0.4127,
    "资产负债率（合并）": null,
    "营业收入": "603,760,400.0",
    "净利润": "76,309,200.0",
    "归属于母公司所有者的净利润": "76,309,200.0",
    "扣除非经常性损益后归属于母公司所有者的净利润": "72,866,900.0",
    "基本每股收益": 1.13,
    "稀释每股收益": 1.13,
    "加权平均净资产收益率": 0.3067,
    "经营活动产生的现金流量净额": "116,975,700.0",
    "现金分红": "-",
    "研发投入占营业收入的比例": "5.69%",
    "息税折旧摊销前利润": ""
  },
  {
    "公司名称": "2019-04-02深圳市创鑫激光股份有限公司科创板首次公开发行股票招股说明书（申报稿）",
    "原文链接": "http://static.sse.com.cn/stock/information/c/201904/af0ed4b5a9ca4515bdb36797822c78c5.pdf",
    "报告期": "2019-03-31",
    "数据期": "2016-12-31",
    "所在页": 42,
    "资产总额": "437,889,700.0",
    "归属于母公司所有者权益": "210,680,800.0",
    "资产负债率（母公司）": 0.5245,
    "资产负债率（合并）": null,
    "营业收入": "424,448,000.0",
    "净利润": "-3,668,000.0",
    "归属于母公司所有者的净利润": "-3,668,000.0",
    "扣除非经常性损益后归属于母公司所有者的净利润": "-1,553,100.0",
    "基本每股收益": -0.06,
    "稀释每股收益": -0.06,
    "加权平均净资产收益率": -0.0203,
    "经营活动产生的现金流量净额": "636,700.0",
    "现金分红": "-",
    "研发投入占营业收入的比例": "7.35%",
    "息税折旧摊销前利润": ""
  },
  {
    "公司名称": "2019-05-09浙江东方基因生物制品股份有限公司科创板首次公开发行股票招股说明书（申报稿）",
    "原文链接": "http://static.sse.com.cn/stock/information/c/201905/ea9c125201cf4105abe5d2129e560b7c.pdf",
    "报告期": "2019-03-31",
    "数据期": "2019-01-03",
    "所在页": 18,
    "资产总额": "",
    "归属于母公司所有者权益": "",
    "资产负债率（母公司）": null,
    "资产负债率（合并）": null,
    "营业收入": "",
    "净利润": "",
    "归属于母公司所有者的净利润": "",
    "扣除非经常性损益后归属于母公司所有者的净利润": "",
    "基本每股收益": "",
    "稀释每股收益": "",
    "加权平均净资产收益率": null,
    "经营活动产生的现金流量净额": "",
    "现金分红": "",
    "研发投入占营业收入的比例": "",
    "息税折旧摊销前利润": ""
  },
  {
    "公司名称": "2019-05-09浙江东方基因生物制品股份有限公司科创板首次公开发行股票招股说明书（申报稿）",
    "原文链接": "http://static.sse.com.cn/stock/information/c/201905/ea9c125201cf4105abe5d2129e560b7c.pdf",
    "报告期": "2019-03-31",
    "数据期": "2018-12-31",
    "所在页": 18,
    "资产总额": "337,647,700.00",
    "归属于母公司所有者权益": "201,033,900.00",
    "资产负债率（母公司）": 0.3704,
    "资产负债率（合并）": null,
    "营业收入": "285,892,800.00",
    "净利润": "63,956,000.0",
    "归属于母公司所有者的净利润": "65,369,600.00",
    "扣除非经常性损益后归属于母公司所有者的净利润": "62,600,200.00",
    "基本每股收益": 0.73,
    "稀释每股收益": 0.73,
    "加权平均净资产收益率": 0.3918,
    "经营活动产生的现金流量净额": "44,326,100.00",
    "现金分红": "-",
    "研发投入占营业收入的比例": "6.52%",
    "息税折旧摊销前利润": ""
  },
  {
    "公司名称": "2019-05-09浙江东方基因生物制品股份有限公司科创板首次公开发行股票招股说明书（申报稿）",
    "原文链接": "http://static.sse.com.cn/stock/information/c/201905/ea9c125201cf4105abe5d2129e560b7c.pdf",
    "报告期": "2019-03-31",
    "数据期": "2017-12-31",
    "所在页": 18,
    "资产总额": "259,318,200.00",
    "归属于母公司所有者权益": "133,488,900.00",
    "资产负债率（母公司）": 0.4762,
    "资产负债率（合并）": null,
    "营业收入": "224,237,400.00",
    "净利润": "32,705,700.00",
    "归属于母公司所有者的净利润": "33,356,600.00",
    "扣除非经常性损益后归属于母公司所有者的净利润": "29,337,300.00",
    "基本每股收益": 0.37,
    "稀释每股收益": 0.37,
    "加权平均净资产收益率": 0.2873,
    "经营活动产生的现金流量净额": "33,544,700.00",
    "现金分红": "-",
    "研发投入占营业收入的比例": "5.49%",
    "息税折旧摊销前利润": ""
  },
  {
    "公司名称": "2019-05-09浙江东方基因生物制品股份有限公司科创板首次公开发行股票招股说明书（申报稿）",
    "原文链接": "http://static.sse.com.cn/stock/information/c/201905/ea9c125201cf4105abe5d2129e560b7c.pdf",
    "报告期": "2019-03-31",
    "数据期": "2016-12-31",
    "所在页": 18,
    "资产总额": "240,998,100.00",
    "归属于母公司所有者权益": "98,717,100.00",
    "资产负债率（母公司）": 0.5509,
    "资产负债率（合并）": null,
    "营业收入": "182,255,100.00",
    "净利润": "35,627,000.0",
    "归属于母公司所有者的净利润": "35,627,000.0",
    "扣除非经常性损益后归属于母公司所有者的净利润": "34,794,000.0",
    "基本每股收益": "-",
    "稀释每股收益": "-",
    "加权平均净资产收益率": 0.4576,
    "经营活动产生的现金流量净额": "11,808,600.00",
    "现金分红": "-",
    "研发投入占营业收入的比例": "5.08%",
    "息税折旧摊销前利润": ""
  },
  {
    "公司名称": "2019-04-24贵州白山云科技股份有限公司科创板首次公开发行股票招股说明书（申报稿）",
    "原文链接": "http://static.sse.com.cn/stock/information/c/201904/083ad456572a44e5905b889c2c06c477.pdf",
    "报告期": "2019-03-31",
    "数据期": "2019-01-03",
    "所在页": 21,
    "资产总额": "",
    "归属于母公司所有者权益": "",
    "资产负债率（母公司）": null,
    "资产负债率（合并）": null,
    "营业收入": "",
    "净利润": "",
    "归属于母公司所有者的净利润": "",
    "扣除非经常性损益后归属于母公司所有者的净利润": "",
    "基本每股收益": "",
    "稀释每股收益": "",
    "加权平均净资产收益率": null,
    "经营活动产生的现金流量净额": "",
    "现金分红": "",
    "研发投入占营业收入的比例": "",
    "息税折旧摊销前利润": ""
  },
  {
    "公司名称": "2019-04-24贵州白山云科技股份有限公司科创板首次公开发行股票招股说明书（申报稿）",
    "原文链接": "http://static.sse.com.cn/stock/information/c/201904/083ad456572a44e5905b889c2c06c477.pdf",
    "报告期": "2019-03-31",
    "数据期": "2018-12-31",
    "所在页": 21,
    "资产总额": "948,929,200.00",
    "归属于母公司所有者权益": "609,133,300.00",
    "资产负债率（母公司）": 0.3674,
    "资产负债率（合并）": null,
    "营业收入": "1,051,640,100.00",
    "净利润": "50,391,200.00",
    "归属于母公司所有者的净利润": "50,467,000.0",
    "扣除非经常性损益后归属于母公司所有者的净利润": "49,306,400.00",
    "基本每股收益": 2.58,
    "稀释每股收益": 2.58,
    "加权平均净资产收益率": 0.106,
    "经营活动产生的现金流量净额": "68,917,300.00",
    "现金分红": "-",
    "研发投入占营业收入的比例": "7.54%",
    "息税折旧摊销前利润": ""
  },
  {
    "公司名称": "2019-04-24贵州白山云科技股份有限公司科创板首次公开发行股票招股说明书（申报稿）",
    "原文链接": "http://static.sse.com.cn/stock/information/c/201904/083ad456572a44e5905b889c2c06c477.pdf",
    "报告期": "2019-03-31",
    "数据期": "2017-12-31",
    "所在页": 21,
    "资产总额": "544,889,900.00",
    "归属于母公司所有者权益": "295,016,800.00",
    "资产负债率（母公司）": 0.4477,
    "资产负债率（合并）": null,
    "营业收入": "619,943,100.00",
    "净利润": "17,969,700.00",
    "归属于母公司所有者的净利润": "17,969,700.00",
    "扣除非经常性损益后归属于母公司所有者的净利润": "17,172,700.00",
    "基本每股收益": 1.92,
    "稀释每股收益": 1.92,
    "加权平均净资产收益率": 0.0658,
    "经营活动产生的现金流量净额": "16,114,100.00",
    "现金分红": "-",
    "研发投入占营业收入的比例": "9.29%",
    "息税折旧摊销前利润": ""
  },
  {
    "公司名称": "2019-04-24贵州白山云科技股份有限公司科创板首次公开发行股票招股说明书（申报稿）",
    "原文链接": "http://static.sse.com.cn/stock/information/c/201904/083ad456572a44e5905b889c2c06c477.pdf",
    "报告期": "2019-03-31",
    "数据期": "2016-12-31",
    "所在页": 21,
    "资产总额": "250,629,700.00",
    "归属于母公司所有者权益": "178,285,400.00",
    "资产负债率（母公司）": 0.2736,
    "资产负债率（合并）": null,
    "营业收入": "202,281,200.00",
    "净利润": "834,200.00",
    "归属于母公司所有者的净利润": "834,200.00",
    "扣除非经常性损益后归属于母公司所有者的净利润": "772,400.00",
    "基本每股收益": 0.18,
    "稀释每股收益": 0.18,
    "加权平均净资产收益率": 0.0094,
    "经营活动产生的现金流量净额": "-47,333,900.00",
    "现金分红": "-",
    "研发投入占营业收入的比例": "8.42%",
    "息税折旧摊销前利润": ""
  },
  {
    "公司名称": "2019-03-22安翰科技（武汉）股份有限公司科创板首次公开发行股票招股说明书（申报稿）",
    "原文链接": "http://static.sse.com.cn/stock/information/c/201903/d498e58d45ca456d9f7722b034026815.pdf",
    "报告期": "2019-03-31",
    "数据期": "2019-01-03",
    "所在页": 31,
    "资产总额": "",
    "归属于母公司所有者权益": "",
    "资产负债率（母公司）": null,
    "资产负债率（合并）": null,
    "营业收入": "",
    "净利润": "",
    "归属于母公司所有者的净利润": "",
    "扣除非经常性损益后归属于母公司所有者的净利润": "",
    "基本每股收益": "",
    "稀释每股收益": "",
    "加权平均净资产收益率": null,
    "经营活动产生的现金流量净额": "",
    "现金分红": "",
    "研发投入占营业收入的比例": "",
    "息税折旧摊销前利润": ""
  },
  {
    "公司名称": "2019-03-22安翰科技（武汉）股份有限公司科创板首次公开发行股票招股说明书（申报稿）",
    "原文链接": "http://static.sse.com.cn/stock/information/c/201903/d498e58d45ca456d9f7722b034026815.pdf",
    "报告期": "2019-03-31",
    "数据期": "2018-12-31",
    "所在页": 31,
    "资产总额": "917,053,700.00",
    "归属于母公司所有者权益": "740,178,200.00",
    "资产负债率（母公司）": 0.136,
    "资产负债率（合并）": null,
    "营业收入": "322,477,500.00",
    "净利润": "65,941,900.00",
    "归属于母公司所有者的净利润": "65,941,900.00",
    "扣除非经常性损益后归属于母公司所有者的净利润": "25,406,600.00",
    "基本每股收益": 0.18,
    "稀释每股收益": 0.18,
    "加权平均净资产收益率": 0.0933,
    "经营活动产生的现金流量净额": "75,547,100.00",
    "现金分红": "-",
    "研发投入占营业收入的比例": "24.33%",
    "息税折旧摊销前利润": ""
  },
  {
    "公司名称": "2019-03-22安翰科技（武汉）股份有限公司科创板首次公开发行股票招股说明书（申报稿）",
    "原文链接": "http://static.sse.com.cn/stock/information/c/201903/d498e58d45ca456d9f7722b034026815.pdf",
    "报告期": "2019-03-31",
    "数据期": "2017-12-31",
    "所在页": 31,
    "资产总额": "827,534,700.00",
    "归属于母公司所有者权益": "673,180,100.00",
    "资产负债率（母公司）": 0.1266,
    "资产负债率（合并）": null,
    "营业收入": "172,166,900.00",
    "净利润": "-10,337,800.00",
    "归属于母公司所有者的净利润": "-10,337,800.00",
    "扣除非经常性损益后归属于母公司所有者的净利润": "-36,707,900.00",
    "基本每股收益": "-",
    "稀释每股收益": "-",
    "加权平均净资产收益率": -0.0287,
    "经营活动产生的现金流量净额": "-14,925,400.00",
    "现金分红": "-",
    "研发投入占营业收入的比例": "28.56%",
    "息税折旧摊销前利润": ""
  },
  {
    "公司名称": "2019-03-22安翰科技（武汉）股份有限公司科创板首次公开发行股票招股说明书（申报稿）",
    "原文链接": "http://static.sse.com.cn/stock/information/c/201903/d498e58d45ca456d9f7722b034026815.pdf",
    "报告期": "2019-03-31",
    "数据期": "2016-12-31",
    "所在页": 31,
    "资产总额": "373,307,600.00",
    "归属于母公司所有者权益": "223,972,700.00",
    "资产负债率（母公司）": 0.2222,
    "资产负债率（合并）": null,
    "营业收入": "115,021,900.00",
    "净利润": "28,624,200.00",
    "归属于母公司所有者的净利润": "28,624,200.00",
    "扣除非经常性损益后归属于母公司所有者的净利润": "-37,676,800.00",
    "基本每股收益": "-",
    "稀释每股收益": "-",
    "加权平均净资产收益率": 0.2024,
    "经营活动产生的现金流量净额": "-36,049,000.0",
    "现金分红": "-",
    "研发投入占营业收入的比例": "29.45%",
    "息税折旧摊销前利润": ""
  },
  {
    "公司名称": "2019-03-27科大国盾量子技术股份有限公司科创板首次公开发行股票招股说明书（申报稿）",
    "原文链接": "http://static.sse.com.cn/stock/information/c/201903/6eba31968ef14548b38b41474e42da33.pdf",
    "报告期": "2019-03-31",
    "数据期": "2019-01-03",
    "所在页": 29,
    "资产总额": "",
    "归属于母公司所有者权益": "",
    "资产负债率（母公司）": null,
    "资产负债率（合并）": null,
    "营业收入": "",
    "净利润": "",
    "归属于母公司所有者的净利润": "",
    "扣除非经常性损益后归属于母公司所有者的净利润": "",
    "基本每股收益": "",
    "稀释每股收益": "",
    "加权平均净资产收益率": null,
    "经营活动产生的现金流量净额": "",
    "现金分红": "",
    "研发投入占营业收入的比例": "",
    "息税折旧摊销前利润": ""
  },
  {
    "公司名称": "2019-03-27科大国盾量子技术股份有限公司科创板首次公开发行股票招股说明书（申报稿）",
    "原文链接": "http://static.sse.com.cn/stock/information/c/201903/6eba31968ef14548b38b41474e42da33.pdf",
    "报告期": "2019-03-31",
    "数据期": "2018-12-31",
    "所在页": 29,
    "资产总额": "1,241,136,100.00",
    "归属于母公司所有者权益": "903,958,800.00",
    "资产负债率（母公司）": 0.2208,
    "资产负债率（合并）": null,
    "营业收入": "264,669,800.00",
    "净利润": "71,891,400.00",
    "归属于母公司所有者的净利润": "72,490,600.00",
    "扣除非经常性损益后归属于母公司所有者的净利润": "23,002,300.00",
    "基本每股收益": 1.21,
    "稀释每股收益": 1.21,
    "加权平均净资产收益率": 0.0835,
    "经营活动产生的现金流量净额": "-3,886,000.0",
    "现金分红": "-",
    "研发投入占营业收入的比例": "36.35%",
    "息税折旧摊销前利润": ""
  },
  {
    "公司名称": "2019-03-27科大国盾量子技术股份有限公司科创板首次公开发行股票招股说明书（申报稿）",
    "原文链接": "http://static.sse.com.cn/stock/information/c/201903/6eba31968ef14548b38b41474e42da33.pdf",
    "报告期": "2019-03-31",
    "数据期": "2017-12-31",
    "所在页": 29,
    "资产总额": "1,167,879,700.00",
    "归属于母公司所有者权益": "831,468,200.00",
    "资产负债率（母公司）": 0.2007,
    "资产负债率（合并）": null,
    "营业收入": "283,661,100.00",
    "净利润": "74,314,500.00",
    "归属于母公司所有者的净利润": "74,314,600.00",
    "扣除非经常性损益后归属于母公司所有者的净利润": "30,734,000.0",
    "基本每股收益": 1.24,
    "稀释每股收益": 1.24,
    "加权平均净资产收益率": 0.0936,
    "经营活动产生的现金流量净额": "-16,819,900.00",
    "现金分红": "-",
    "研发投入占营业收入的比例": "25.89%",
    "息税折旧摊销前利润": ""
  },
  {
    "公司名称": "2019-03-27科大国盾量子技术股份有限公司科创板首次公开发行股票招股说明书（申报稿）",
    "原文链接": "http://static.sse.com.cn/stock/information/c/201903/6eba31968ef14548b38b41474e42da33.pdf",
    "报告期": "2019-03-31",
    "数据期": "2016-12-31",
    "所在页": 29,
    "资产总额": "1,061,407,700.00",
    "归属于母公司所有者权益": "757,153,500.00",
    "资产负债率（母公司）": 0.1898,
    "资产负债率（合并）": null,
    "营业收入": "227,154,200.00",
    "净利润": "58,753,600.00",
    "归属于母公司所有者的净利润": "58,753,600.00",
    "扣除非经常性损益后归属于母公司所有者的净利润": "29,864,100.00",
    "基本每股收益": 0.99,
    "稀释每股收益": 0.99,
    "加权平均净资产收益率": 0.084,
    "经营活动产生的现金流量净额": "-45,484,100.00",
    "现金分红": "17,056,800.00",
    "研发投入占营业收入的比例": "23.41%",
    "息税折旧摊销前利润": ""
  },
  {
    "公司名称": "2019-04-04苏州瀚川智能科技股份有限公司科创板首次公开发行股票招股说明书（申报稿）",
    "原文链接": "http://static.sse.com.cn/stock/information/c/201904/0588d3bc36d84c5eb695ca9731cb4cf4.pdf",
    "报告期": "2019-03-31",
    "数据期": "2019-01-03",
    "所在页": 34,
    "资产总额": "",
    "归属于母公司所有者权益": "",
    "资产负债率（母公司）": null,
    "资产负债率（合并）": null,
    "营业收入": "",
    "净利润": "",
    "归属于母公司所有者的净利润": "",
    "扣除非经常性损益后归属于母公司所有者的净利润": "",
    "基本每股收益": "",
    "稀释每股收益": "",
    "加权平均净资产收益率": null,
    "经营活动产生的现金流量净额": "",
    "现金分红": "",
    "研发投入占营业收入的比例": "",
    "息税折旧摊销前利润": ""
  },
  {
    "公司名称": "2019-04-04苏州瀚川智能科技股份有限公司科创板首次公开发行股票招股说明书（申报稿）",
    "原文链接": "http://static.sse.com.cn/stock/information/c/201904/0588d3bc36d84c5eb695ca9731cb4cf4.pdf",
    "报告期": "2019-03-31",
    "数据期": "2018-12-31",
    "所在页": 34,
    "资产总额": "487,291,300.00",
    "归属于母公司所有者权益": "182,978,700.00",
    "资产负债率（母公司）": 0.542,
    "资产负债率（合并）": null,
    "营业收入": "436,017,600.00",
    "净利润": "71,113,600.00",
    "归属于母公司所有者的净利润": "70,256,600.00",
    "扣除非经常性损益后归属于母公司所有者的净利润": "62,793,600.00",
    "基本每股收益": 0.87,
    "稀释每股收益": 0.87,
    "加权平均净资产收益率": 0.4739,
    "经营活动产生的现金流量净额": "60,172,400.00",
    "现金分红": "-",
    "研发投入占营业收入的比例": "4.5%",
    "息税折旧摊销前利润": ""
  },
  {
    "公司名称": "2019-04-04苏州瀚川智能科技股份有限公司科创板首次公开发行股票招股说明书（申报稿）",
    "原文链接": "http://static.sse.com.cn/stock/information/c/201904/0588d3bc36d84c5eb695ca9731cb4cf4.pdf",
    "报告期": "2019-03-31",
    "数据期": "2017-12-31",
    "所在页": 34,
    "资产总额": "309,756,400.00",
    "归属于母公司所有者权益": "114,134,800.00",
    "资产负债率（母公司）": 0.4243,
    "资产负债率（合并）": null,
    "营业收入": "243,849,100.00",
    "净利润": "32,826,800.00",
    "归属于母公司所有者的净利润": "32,196,800.00",
    "扣除非经常性损益后归属于母公司所有者的净利润": "30,248,500.00",
    "基本每股收益": 0.41,
    "稀释每股收益": 0.41,
    "加权平均净资产收益率": 0.4409,
    "经营活动产生的现金流量净额": "21,956,000.0",
    "现金分红": "-",
    "研发投入占营业收入的比例": "5.19%",
    "息税折旧摊销前利润": ""
  },
  {
    "公司名称": "2019-04-04苏州瀚川智能科技股份有限公司科创板首次公开发行股票招股说明书（申报稿）",
    "原文链接": "http://static.sse.com.cn/stock/information/c/201904/0588d3bc36d84c5eb695ca9731cb4cf4.pdf",
    "报告期": "2019-03-31",
    "数据期": "2016-12-31",
    "所在页": 34,
    "资产总额": "162,690,100.00",
    "归属于母公司所有者权益": "38,169,700.00",
    "资产负债率（母公司）": 0.5339,
    "资产负债率（合并）": null,
    "营业收入": "150,226,400.00",
    "净利润": "2,427,100.00",
    "归属于母公司所有者的净利润": "2,168,700.00",
    "扣除非经常性损益后归属于母公司所有者的净利润": "10,199,300.00",
    "基本每股收益": "-",
    "稀释每股收益": "-",
    "加权平均净资产收益率": 0.1442,
    "经营活动产生的现金流量净额": "-15,064,200.00",
    "现金分红": "-",
    "研发投入占营业收入的比例": "7.61%",
    "息税折旧摊销前利润": ""
  },
  {
    "公司名称": "2019-04-02申联生物医药（上海）股份有限公司科创板首次公开发行股票招股说明书（申报稿）",
    "原文链接": "http://static.sse.com.cn/stock/information/c/201904/7cc878c193bb4f8dbfe9bc673b5c5d07.pdf",
    "报告期": "2019-03-31",
    "数据期": "2019-01-03",
    "所在页": 33,
    "资产总额": "",
    "归属于母公司所有者权益": "",
    "资产负债率（母公司）": null,
    "资产负债率（合并）": null,
    "营业收入": "",
    "净利润": "",
    "归属于母公司所有者的净利润": "",
    "扣除非经常性损益后归属于母公司所有者的净利润": "",
    "基本每股收益": "",
    "稀释每股收益": "",
    "加权平均净资产收益率": null,
    "经营活动产生的现金流量净额": "",
    "现金分红": "",
    "研发投入占营业收入的比例": "",
    "息税折旧摊销前利润": ""
  },
  {
    "公司名称": "2019-04-02申联生物医药（上海）股份有限公司科创板首次公开发行股票招股说明书（申报稿）",
    "原文链接": "http://static.sse.com.cn/stock/information/c/201904/7cc878c193bb4f8dbfe9bc673b5c5d07.pdf",
    "报告期": "2019-03-31",
    "数据期": "2018-12-31",
    "所在页": 33,
    "资产总额": "1,013,121,500.00",
    "归属于母公司所有者权益": "831,939,500.00",
    "资产负债率（母公司）": 0.1788,
    "资产负债率（合并）": null,
    "营业收入": "275,137,400.00",
    "净利润": "87,580,300.00",
    "归属于母公司所有者的净利润": "87,580,300.00",
    "扣除非经常性损益后归属于母公司所有者的净利润": "82,195,400.00",
    "基本每股收益": 0.26,
    "稀释每股收益": 0.26,
    "加权平均净资产收益率": 0.1404,
    "经营活动产生的现金流量净额": "121,129,700.00",
    "现金分红": "9,915,000.0",
    "研发投入占营业收入的比例": "7.74%",
    "息税折旧摊销前利润": ""
  },
  {
    "公司名称": "2019-04-02申联生物医药（上海）股份有限公司科创板首次公开发行股票招股说明书（申报稿）",
    "原文链接": "http://static.sse.com.cn/stock/information/c/201904/7cc878c193bb4f8dbfe9bc673b5c5d07.pdf",
    "报告期": "2019-03-31",
    "数据期": "2017-12-31",
    "所在页": 33,
    "资产总额": "692,193,100.00",
    "归属于母公司所有者权益": "549,274,200.00",
    "资产负债率（母公司）": 0.2065,
    "资产负债率（合并）": null,
    "营业收入": "302,076,000.0",
    "净利润": "98,678,000.0",
    "归属于母公司所有者的净利润": "98,678,000.0",
    "扣除非经常性损益后归属于母公司所有者的净利润": "90,090,700.00",
    "基本每股收益": 0.3,
    "稀释每股收益": 0.3,
    "加权平均净资产收益率": 0.1959,
    "经营活动产生的现金流量净额": "74,605,100.00",
    "现金分红": "14,872,400.00",
    "研发投入占营业收入的比例": "5.51%",
    "息税折旧摊销前利润": ""
  },
  {
    "公司名称": "2019-04-02申联生物医药（上海）股份有限公司科创板首次公开发行股票招股说明书（申报稿）",
    "原文链接": "http://static.sse.com.cn/stock/information/c/201904/7cc878c193bb4f8dbfe9bc673b5c5d07.pdf",
    "报告期": "2019-03-31",
    "数据期": "2016-12-31",
    "所在页": 33,
    "资产总额": "607,790,700.00",
    "归属于母公司所有者权益": "465,468,600.00",
    "资产负债率（母公司）": 0.2342,
    "资产负债率（合并）": null,
    "营业收入": "267,705,400.00",
    "净利润": "73,471,800.00",
    "归属于母公司所有者的净利润": "73,471,800.00",
    "扣除非经常性损益后归属于母公司所有者的净利润": "70,670,700.00",
    "基本每股收益": 0.23,
    "稀释每股收益": 0.23,
    "加权平均净资产收益率": 0.1781,
    "经营活动产生的现金流量净额": "47,995,300.00",
    "现金分红": "9,915,000.0",
    "研发投入占营业收入的比例": "6.26%",
    "息税折旧摊销前利润": ""
  },
  {
    "公司名称": "2019-04-03恒安嘉新（北京）科技股份公司科创板首次公开发行股票招股说明书（申报稿）",
    "原文链接": "http://static.sse.com.cn/stock/information/c/201904/a1d697baa3504a7f9915fe9dda449ed4.pdf",
    "报告期": "2019-03-31",
    "数据期": "2019-01-03",
    "所在页": 39,
    "资产总额": "",
    "归属于母公司所有者权益": "",
    "资产负债率（母公司）": null,
    "资产负债率（合并）": null,
    "营业收入": "",
    "净利润": "",
    "归属于母公司所有者的净利润": "",
    "扣除非经常性损益后归属于母公司所有者的净利润": "",
    "基本每股收益": "",
    "稀释每股收益": "",
    "加权平均净资产收益率": null,
    "经营活动产生的现金流量净额": "",
    "现金分红": "",
    "研发投入占营业收入的比例": "",
    "息税折旧摊销前利润": ""
  },
  {
    "公司名称": "2019-04-03恒安嘉新（北京）科技股份公司科创板首次公开发行股票招股说明书（申报稿）",
    "原文链接": "http://static.sse.com.cn/stock/information/c/201904/a1d697baa3504a7f9915fe9dda449ed4.pdf",
    "报告期": "2019-03-31",
    "数据期": "2018-12-31",
    "所在页": 39,
    "资产总额": "832,912,500.00",
    "归属于母公司所有者权益": "442,085,700.00",
    "资产负债率（母公司）": 0.453,
    "资产负债率（合并）": null,
    "营业收入": "625,130,900.00",
    "净利润": "96,643,500.00",
    "归属于母公司所有者的净利润": "96,643,500.00",
    "扣除非经常性损益后归属于母公司所有者的净利润": "87,329,900.00",
    "基本每股收益": 1.2601,
    "稀释每股收益": 1.2601,
    "加权平均净资产收益率": 0.2589,
    "经营活动产生的现金流量净额": "-51,492,400.00",
    "现金分红": "-",
    "研发投入占营业收入的比例": "20.41%",
    "息税折旧摊销前利润": ""
  },
  {
    "公司名称": "2019-04-03恒安嘉新（北京）科技股份公司科创板首次公开发行股票招股说明书（申报稿）",
    "原文链接": "http://static.sse.com.cn/stock/information/c/201904/a1d697baa3504a7f9915fe9dda449ed4.pdf",
    "报告期": "2019-03-31",
    "数据期": "2017-12-31",
    "所在页": 39,
    "资产总额": "679,503,700.00",
    "归属于母公司所有者权益": "301,720,100.00",
    "资产负债率（母公司）": 0.5249,
    "资产负债率（合并）": null,
    "营业收入": "506,345,000.0",
    "净利润": "41,856,400.00",
    "归属于母公司所有者的净利润": "41,856,400.00",
    "扣除非经常性损益后归属于母公司所有者的净利润": "32,606,500.00",
    "基本每股收益": "-",
    "稀释每股收益": "-",
    "加权平均净资产收益率": 0.151,
    "经营活动产生的现金流量净额": "37,282,800.00",
    "现金分红": "-",
    "研发投入占营业收入的比例": "22.48%",
    "息税折旧摊销前利润": ""
  },
  {
    "公司名称": "2019-04-03恒安嘉新（北京）科技股份公司科创板首次公开发行股票招股说明书（申报稿）",
    "原文链接": "http://static.sse.com.cn/stock/information/c/201904/a1d697baa3504a7f9915fe9dda449ed4.pdf",
    "报告期": "2019-03-31",
    "数据期": "2016-12-31",
    "所在页": 39,
    "资产总额": "534,360,000.0",
    "归属于母公司所有者权益": "256,174,800.00",
    "资产负债率（母公司）": 0.5131,
    "资产负债率（合并）": null,
    "营业收入": "430,191,900.00",
    "净利润": "39,160,500.00",
    "归属于母公司所有者的净利润": "39,160,500.00",
    "扣除非经常性损益后归属于母公司所有者的净利润": "33,422,300.00",
    "基本每股收益": "-",
    "稀释每股收益": "-",
    "加权平均净资产收益率": 0.2293,
    "经营活动产生的现金流量净额": "-35,458,600.00",
    "现金分红": "-",
    "研发投入占营业收入的比例": "17.77%",
    "息税折旧摊销前利润": ""
  },
  {
    "公司名称": "2019-05-06北京八亿时空液晶科技股份有限公司科创板首次公开发行股票招股说明书（申报稿）",
    "原文链接": "http://static.sse.com.cn/stock/information/c/201905/c85c17c8d74847daaf2d28e403db6b2f.pdf",
    "报告期": "2019-03-31",
    "数据期": "2019-01-03",
    "所在页": 15,
    "资产总额": "",
    "归属于母公司所有者权益": "",
    "资产负债率（母公司）": null,
    "资产负债率（合并）": null,
    "营业收入": "",
    "净利润": "",
    "归属于母公司所有者的净利润": "",
    "扣除非经常性损益后归属于母公司所有者的净利润": "",
    "基本每股收益": "",
    "稀释每股收益": "",
    "加权平均净资产收益率": null,
    "经营活动产生的现金流量净额": "",
    "现金分红": "",
    "研发投入占营业收入的比例": "",
    "息税折旧摊销前利润": ""
  },
  {
    "公司名称": "2019-05-06北京八亿时空液晶科技股份有限公司科创板首次公开发行股票招股说明书（申报稿）",
    "原文链接": "http://static.sse.com.cn/stock/information/c/201905/c85c17c8d74847daaf2d28e403db6b2f.pdf",
    "报告期": "2019-03-31",
    "数据期": "2018-12-31",
    "所在页": 15,
    "资产总额": "676,230,200.00",
    "归属于母公司所有者权益": "536,130,600.00",
    "资产负债率（母公司）": 0.2072,
    "资产负债率（合并）": null,
    "营业收入": "394,032,400.00",
    "净利润": "114,489,100.00",
    "归属于母公司所有者的净利润": "114,489,100.00",
    "扣除非经常性损益后归属于母公司所有者的净利润": "113,609,500.00",
    "基本每股收益": 1.58,
    "稀释每股收益": 1.58,
    "加权平均净资产收益率": 0.2391,
    "经营活动产生的现金流量净额": "102,149,200.00",
    "现金分红": "-",
    "研发投入占营业收入的比例": "4.59%",
    "息税折旧摊销前利润": ""
  },
  {
    "公司名称": "2019-05-06北京八亿时空液晶科技股份有限公司科创板首次公开发行股票招股说明书（申报稿）",
    "原文链接": "http://static.sse.com.cn/stock/information/c/201905/c85c17c8d74847daaf2d28e403db6b2f.pdf",
    "报告期": "2019-03-31",
    "数据期": "2017-12-31",
    "所在页": 15,
    "资产总额": "589,203,500.00",
    "归属于母公司所有者权益": "421,641,500.00",
    "资产负债率（母公司）": 0.2685,
    "资产负债率（合并）": null,
    "营业收入": "230,753,900.00",
    "净利润": "53,343,900.00",
    "归属于母公司所有者的净利润": "53,343,900.00",
    "扣除非经常性损益后归属于母公司所有者的净利润": "54,610,900.00",
    "基本每股收益": 0.85,
    "稀释每股收益": 0.85,
    "加权平均净资产收益率": 0.2049,
    "经营活动产生的现金流量净额": "25,355,600.00",
    "现金分红": "-",
    "研发投入占营业收入的比例": "5.63%",
    "息税折旧摊销前利润": ""
  },
  {
    "公司名称": "2019-05-06北京八亿时空液晶科技股份有限公司科创板首次公开发行股票招股说明书（申报稿）",
    "原文链接": "http://static.sse.com.cn/stock/information/c/201905/c85c17c8d74847daaf2d28e403db6b2f.pdf",
    "报告期": "2019-03-31",
    "数据期": "2016-12-31",
    "所在页": 15,
    "资产总额": "379,264,300.00",
    "归属于母公司所有者权益": "174,738,200.00",
    "资产负债率（母公司）": 0.5233,
    "资产负债率（合并）": null,
    "营业收入": "132,508,700.00",
    "净利润": "16,808,300.00",
    "归属于母公司所有者的净利润": "16,808,300.00",
    "扣除非经常性损益后归属于母公司所有者的净利润": "13,917,600.00",
    "基本每股收益": 0.29,
    "稀释每股收益": 0.29,
    "加权平均净资产收益率": 0.1013,
    "经营活动产生的现金流量净额": "39,180,100.00",
    "现金分红": "-",
    "研发投入占营业收入的比例": "8.11%",
    "息税折旧摊销前利润": ""
  },
  {
    "公司名称": "2019-03-27厦门特宝生物工程股份有限公司科创板首次公开发行股票招股说明书（申报稿）",
    "原文链接": "http://static.sse.com.cn/stock/information/c/201903/217a0b8bc16146eb9ffae9ccf1d284d8.pdf",
    "报告期": "2019-03-31",
    "数据期": "2019-01-03",
    "所在页": 20,
    "资产总额": "",
    "归属于母公司所有者权益": "",
    "资产负债率（母公司）": null,
    "资产负债率（合并）": null,
    "营业收入": "",
    "净利润": "",
    "归属于母公司所有者的净利润": "",
    "扣除非经常性损益后归属于母公司所有者的净利润": "",
    "基本每股收益": "",
    "稀释每股收益": "",
    "加权平均净资产收益率": null,
    "经营活动产生的现金流量净额": "",
    "现金分红": "",
    "研发投入占营业收入的比例": "",
    "息税折旧摊销前利润": ""
  },
  {
    "公司名称": "2019-03-27厦门特宝生物工程股份有限公司科创板首次公开发行股票招股说明书（申报稿）",
    "原文链接": "http://static.sse.com.cn/stock/information/c/201903/217a0b8bc16146eb9ffae9ccf1d284d8.pdf",
    "报告期": "2019-03-31",
    "数据期": "2018-12-31",
    "所在页": 20,
    "资产总额": "707,766,400.00",
    "归属于母公司所有者权益": "499,259,600.00",
    "资产负债率（母公司）": 0.3091,
    "资产负债率（合并）": null,
    "营业收入": "448,282,700.00",
    "净利润": "16,002,900.00",
    "归属于母公司所有者的净利润": "16,002,900.00",
    "扣除非经常性损益后归属于母公司所有者的净利润": "30,640,800.00",
    "基本每股收益": 0.09,
    "稀释每股收益": 0.09,
    "加权平均净资产收益率": 0.0624,
    "经营活动产生的现金流量净额": "89,146,900.00",
    "现金分红": "-",
    "研发投入占营业收入的比例": "9.67%",
    "息税折旧摊销前利润": ""
  },
  {
    "公司名称": "2019-03-27厦门特宝生物工程股份有限公司科创板首次公开发行股票招股说明书（申报稿）",
    "原文链接": "http://static.sse.com.cn/stock/information/c/201903/217a0b8bc16146eb9ffae9ccf1d284d8.pdf",
    "报告期": "2019-03-31",
    "数据期": "2017-12-31",
    "所在页": 20,
    "资产总额": "637,121,500.00",
    "归属于母公司所有者权益": "483,256,700.00",
    "资产负债率（母公司）": 0.2643,
    "资产负债率（合并）": null,
    "营业收入": "323,081,500.00",
    "净利润": "5,168,600.00",
    "归属于母公司所有者的净利润": "5,168,600.00",
    "扣除非经常性损益后归属于母公司所有者的净利润": "-2,477,900.00",
    "基本每股收益": -0.01,
    "稀释每股收益": -0.01,
    "加权平均净资产收益率": -0.0052,
    "经营活动产生的现金流量净额": "-11,405,300.00",
    "现金分红": "-",
    "研发投入占营业收入的比例": "13.61%",
    "息税折旧摊销前利润": ""
  },
  {
    "公司名称": "2019-03-27厦门特宝生物工程股份有限公司科创板首次公开发行股票招股说明书（申报稿）",
    "原文链接": "http://static.sse.com.cn/stock/information/c/201903/217a0b8bc16146eb9ffae9ccf1d284d8.pdf",
    "报告期": "2019-03-31",
    "数据期": "2016-12-31",
    "所在页": 20,
    "资产总额": "642,581,000.0",
    "归属于母公司所有者权益": "478,088,100.00",
    "资产负债率（母公司）": 0.2756,
    "资产负债率（合并）": null,
    "营业收入": "280,370,500.00",
    "净利润": "29,314,100.00",
    "归属于母公司所有者的净利润": "29,314,100.00",
    "扣除非经常性损益后归属于母公司所有者的净利润": "26,802,800.00",
    "基本每股收益": 0.08,
    "稀释每股收益": 0.08,
    "加权平均净资产收益率": 0.0768,
    "经营活动产生的现金流量净额": "42,427,200.00",
    "现金分红": "-",
    "研发投入占营业收入的比例": "33.17%",
    "息税折旧摊销前利润": ""
  },
  {
    "公司名称": "2019-04-01澜起科技股份有限公司科创板首次公开发行股票招股说明书（申报稿）",
    "原文链接": "http://static.sse.com.cn/stock/information/c/201904/652fee8b57d44862a734dcef8b248284.pdf",
    "报告期": "2019-03-31",
    "数据期": "2019-01-03",
    "所在页": 36,
    "资产总额": "",
    "归属于母公司所有者权益": "",
    "资产负债率（母公司）": null,
    "资产负债率（合并）": null,
    "营业收入": "",
    "净利润": "",
    "归属于母公司所有者的净利润": "",
    "扣除非经常性损益后归属于母公司所有者的净利润": "",
    "基本每股收益": "",
    "稀释每股收益": "",
    "加权平均净资产收益率": null,
    "经营活动产生的现金流量净额": "",
    "现金分红": "",
    "研发投入占营业收入的比例": "",
    "息税折旧摊销前利润": ""
  },
  {
    "公司名称": "2019-04-01澜起科技股份有限公司科创板首次公开发行股票招股说明书（申报稿）",
    "原文链接": "http://static.sse.com.cn/stock/information/c/201904/652fee8b57d44862a734dcef8b248284.pdf",
    "报告期": "2019-03-31",
    "数据期": "2018-12-31",
    "所在页": 36,
    "资产总额": "4,180,657,400.00",
    "归属于母公司所有者权益": "3,615,749,800.00",
    "资产负债率（母公司）": 0.112,
    "资产负债率（合并）": null,
    "营业收入": "1,757,664,600.00",
    "净利润": "736,878,400.00",
    "归属于母公司所有者的净利润": "736,878,400.00",
    "扣除非经常性损益后归属于母公司所有者的净利润": "698,445,900.00",
    "基本每股收益": 0.87,
    "稀释每股收益": 0.87,
    "加权平均净资产收益率": 0.3711,
    "经营活动产生的现金流量净额": "969,147,000.0",
    "现金分红": "298,270,900.00",
    "研发投入占营业收入的比例": "15.74%",
    "息税折旧摊销前利润": ""
  },
  {
    "公司名称": "2019-04-01澜起科技股份有限公司科创板首次公开发行股票招股说明书（申报稿）",
    "原文链接": "http://static.sse.com.cn/stock/information/c/201904/652fee8b57d44862a734dcef8b248284.pdf",
    "报告期": "2019-03-31",
    "数据期": "2017-12-31",
    "所在页": 36,
    "资产总额": "1,474,693,300.00",
    "归属于母公司所有者权益": "1,187,007,700.00",
    "资产负债率（母公司）": 0.1566,
    "资产负债率（合并）": null,
    "营业收入": "1,227,514,900.00",
    "净利润": "346,916,000.0",
    "归属于母公司所有者的净利润": "346,916,000.0",
    "扣除非经常性损益后归属于母公司所有者的净利润": "274,374,300.00",
    "基本每股收益": 0.46,
    "稀释每股收益": 0.46,
    "加权平均净资产收益率": 0.3352,
    "经营活动产生的现金流量净额": "226,831,400.00",
    "现金分红": "-",
    "研发投入占营业收入的比例": "15.34%",
    "息税折旧摊销前利润": ""
  },
  {
    "公司名称": "2019-04-01澜起科技股份有限公司科创板首次公开发行股票招股说明书（申报稿）",
    "原文链接": "http://static.sse.com.cn/stock/information/c/201904/652fee8b57d44862a734dcef8b248284.pdf",
    "报告期": "2019-03-31",
    "数据期": "2016-12-31",
    "所在页": 36,
    "资产总额": "1,121,344,100.00",
    "归属于母公司所有者权益": "883,023,900.00",
    "资产负债率（母公司）": 0.1416,
    "资产负债率（合并）": null,
    "营业收入": "844,944,600.00",
    "净利润": "92,804,300.00",
    "归属于母公司所有者的净利润": "92,804,300.00",
    "扣除非经常性损益后归属于母公司所有者的净利润": "3,154,000.0",
    "基本每股收益": 0.12,
    "稀释每股收益": 0.12,
    "加权平均净资产收益率": 0.1135,
    "经营活动产生的现金流量净额": "387,084,800.00",
    "现金分红": "-",
    "研发投入占营业收入的比例": "23.46%",
    "息税折旧摊销前利润": ""
  },
  {
    "公司名称": "2019-04-09山石网科通信技术股份有限公司科创板首次公开发行股票招股说明书（申报稿）",
    "原文链接": "http://static.sse.com.cn/stock/information/c/201904/a7eaca4c395a4d9dbdb43b9d8271f8be.pdf",
    "报告期": "2019-03-31",
    "数据期": "2019-01-03",
    "所在页": 38,
    "资产总额": "",
    "归属于母公司所有者权益": "",
    "资产负债率（母公司）": null,
    "资产负债率（合并）": null,
    "营业收入": "",
    "净利润": "",
    "归属于母公司所有者的净利润": "",
    "扣除非经常性损益后归属于母公司所有者的净利润": "",
    "基本每股收益": "",
    "稀释每股收益": "",
    "加权平均净资产收益率": null,
    "经营活动产生的现金流量净额": "",
    "现金分红": "",
    "研发投入占营业收入的比例": "",
    "息税折旧摊销前利润": ""
  },
  {
    "公司名称": "2019-04-09山石网科通信技术股份有限公司科创板首次公开发行股票招股说明书（申报稿）",
    "原文链接": "http://static.sse.com.cn/stock/information/c/201904/a7eaca4c395a4d9dbdb43b9d8271f8be.pdf",
    "报告期": "2019-03-31",
    "数据期": "2018-12-31",
    "所在页": 38,
    "资产总额": "746,193,800.00",
    "归属于母公司所有者权益": "419,610,100.00",
    "资产负债率（母公司）": 0.2402,
    "资产负债率（合并）": null,
    "营业收入": "566,129,800.00",
    "净利润": "72,186,800.00",
    "归属于母公司所有者的净利润": "72,186,800.00",
    "扣除非经常性损益后归属于母公司所有者的净利润": "76,860,600.00",
    "基本每股收益": 0.5341,
    "稀释每股收益": "-",
    "加权平均净资产收益率": 0.3189,
    "经营活动产生的现金流量净额": "9,178,800.00",
    "现金分红": "-",
    "研发投入占营业收入的比例": "27.64%",
    "息税折旧摊销前利润": ""
  },
  {
    "公司名称": "2019-04-09山石网科通信技术股份有限公司科创板首次公开发行股票招股说明书（申报稿）",
    "原文链接": "http://static.sse.com.cn/stock/information/c/201904/a7eaca4c395a4d9dbdb43b9d8271f8be.pdf",
    "报告期": "2019-03-31",
    "数据期": "2017-12-31",
    "所在页": 38,
    "资产总额": "402,291,600.00",
    "归属于母公司所有者权益": "217,582,700.00",
    "资产负债率（母公司）": 0.4109,
    "资产负债率（合并）": null,
    "营业收入": "463,058,600.00",
    "净利润": "60,052,200.00",
    "归属于母公司所有者的净利润": "60,052,200.00",
    "扣除非经常性损益后归属于母公司所有者的净利润": "22,452,900.00",
    "基本每股收益": "-",
    "稀释每股收益": "-",
    "加权平均净资产收益率": 0.2717,
    "经营活动产生的现金流量净额": "-6,935,700.00",
    "现金分红": "-",
    "研发投入占营业收入的比例": "30.56%",
    "息税折旧摊销前利润": ""
  },
  {
    "公司名称": "2019-04-09山石网科通信技术股份有限公司科创板首次公开发行股票招股说明书（申报稿）",
    "原文链接": "http://static.sse.com.cn/stock/information/c/201904/a7eaca4c395a4d9dbdb43b9d8271f8be.pdf",
    "报告期": "2019-03-31",
    "数据期": "2016-12-31",
    "所在页": 38,
    "资产总额": "323,000,900.00",
    "归属于母公司所有者权益": "206,716,500.00",
    "资产负债率（母公司）": 0.3001,
    "资产负债率（合并）": null,
    "营业收入": "326,522,600.00",
    "净利润": "1,185,000.0",
    "归属于母公司所有者的净利润": "1,185,000.0",
    "扣除非经常性损益后归属于母公司所有者的净利润": "16,732,400.00",
    "基本每股收益": "-",
    "稀释每股收益": "-",
    "加权平均净资产收益率": 0.0058,
    "经营活动产生的现金流量净额": "19,770,600.00",
    "现金分红": "-",
    "研发投入占营业收入的比例": "37.07%",
    "息税折旧摊销前利润": ""
  },
  {
    "公司名称": "2019-03-22武汉科前生物股份有限公司科创板首次公开发行股票招股说明书（申报稿）",
    "原文链接": "http://static.sse.com.cn/stock/information/c/201903/ac8f6eaaeade4a8b822ee952cbb35e81.pdf",
    "报告期": "2019-03-31",
    "数据期": "2019-01-03",
    "所在页": 39,
    "资产总额": "",
    "归属于母公司所有者权益": "",
    "资产负债率（母公司）": null,
    "资产负债率（合并）": null,
    "营业收入": "",
    "净利润": "",
    "归属于母公司所有者的净利润": "",
    "扣除非经常性损益后归属于母公司所有者的净利润": "",
    "基本每股收益": "",
    "稀释每股收益": "",
    "加权平均净资产收益率": null,
    "经营活动产生的现金流量净额": "",
    "现金分红": "",
    "研发投入占营业收入的比例": "",
    "息税折旧摊销前利润": ""
  },
  {
    "公司名称": "2019-03-22武汉科前生物股份有限公司科创板首次公开发行股票招股说明书（申报稿）",
    "原文链接": "http://static.sse.com.cn/stock/information/c/201903/ac8f6eaaeade4a8b822ee952cbb35e81.pdf",
    "报告期": "2019-03-31",
    "数据期": "2018-12-31",
    "所在页": 39,
    "资产总额": "1,229,852,200.00",
    "归属于母公司所有者权益": "876,338,800.00",
    "资产负债率（母公司）": 0.286,
    "资产负债率（合并）": null,
    "营业收入": "735,300,100.00",
    "净利润": "388,913,400.00",
    "归属于母公司所有者的净利润": "388,969,400.00",
    "扣除非经常性损益后归属于母公司所有者的净利润": "352,485,700.00",
    "基本每股收益": 1.08,
    "稀释每股收益": 1.08,
    "加权平均净资产收益率": 0.5022,
    "经营活动产生的现金流量净额": "351,834,800.00",
    "现金分红": "185,000,000.0",
    "研发投入占营业收入的比例": "6.48%",
    "息税折旧摊销前利润": ""
  },
  {
    "公司名称": "2019-03-22武汉科前生物股份有限公司科创板首次公开发行股票招股说明书（申报稿）",
    "原文链接": "http://static.sse.com.cn/stock/information/c/201903/ac8f6eaaeade4a8b822ee952cbb35e81.pdf",
    "报告期": "2019-03-31",
    "数据期": "2017-12-31",
    "所在页": 39,
    "资产总额": "932,273,200.00",
    "归属于母公司所有者权益": "673,084,100.00",
    "资产负债率（母公司）": 0.2775,
    "资产负债率（合并）": null,
    "营业收入": "632,834,900.00",
    "净利润": "320,312,200.00",
    "归属于母公司所有者的净利润": "320,318,200.00",
    "扣除非经常性损益后归属于母公司所有者的净利润": "309,420,500.00",
    "基本每股收益": 0.89,
    "稀释每股收益": 0.89,
    "加权平均净资产收益率": 0.5955,
    "经营活动产生的现金流量净额": "337,611,800.00",
    "现金分红": "60,000,000.0",
    "研发投入占营业收入的比例": "8.44%",
    "息税折旧摊销前利润": ""
  },
  {
    "公司名称": "2019-03-22武汉科前生物股份有限公司科创板首次公开发行股票招股说明书（申报稿）",
    "原文链接": "http://static.sse.com.cn/stock/information/c/201903/ac8f6eaaeade4a8b822ee952cbb35e81.pdf",
    "报告期": "2019-03-31",
    "数据期": "2016-12-31",
    "所在页": 39,
    "资产总额": "592,107,300.00",
    "归属于母公司所有者权益": "412,766,000.0",
    "资产负债率（母公司）": 0.3019,
    "资产负债率（合并）": null,
    "营业收入": "390,397,600.00",
    "净利润": "186,167,600.00",
    "归属于母公司所有者的净利润": "186,157,700.00",
    "扣除非经常性损益后归属于母公司所有者的净利润": "180,160,200.00",
    "基本每股收益": 0.52,
    "稀释每股收益": 0.52,
    "加权平均净资产收益率": 0.5733,
    "经营活动产生的现金流量净额": "220,692,800.00",
    "现金分红": "20,000,000.0",
    "研发投入占营业收入的比例": "5.52%",
    "息税折旧摊销前利润": ""
  },
  {
    "公司名称": "2019-04-30洛阳建龙微纳新材料股份有限公司科创板首次公开发行股票招股说明书（申报稿）",
    "原文链接": "http://static.sse.com.cn/stock/information/c/201904/28ff16bca852463392f56c95379e6087.pdf",
    "报告期": "2019-03-31",
    "数据期": "2019-01-03",
    "所在页": 29,
    "资产总额": "",
    "归属于母公司所有者权益": "",
    "资产负债率（母公司）": null,
    "资产负债率（合并）": null,
    "营业收入": "",
    "净利润": "",
    "归属于母公司所有者的净利润": "",
    "扣除非经常性损益后归属于母公司所有者的净利润": "",
    "基本每股收益": "",
    "稀释每股收益": "",
    "加权平均净资产收益率": null,
    "经营活动产生的现金流量净额": "",
    "现金分红": "",
    "研发投入占营业收入的比例": "",
    "息税折旧摊销前利润": ""
  },
  {
    "公司名称": "2019-04-30洛阳建龙微纳新材料股份有限公司科创板首次公开发行股票招股说明书（申报稿）",
    "原文链接": "http://static.sse.com.cn/stock/information/c/201904/28ff16bca852463392f56c95379e6087.pdf",
    "报告期": "2019-03-31",
    "数据期": "2018-12-31",
    "所在页": 29,
    "资产总额": "510,891,400.00",
    "归属于母公司所有者权益": "215,471,500.00",
    "资产负债率（母公司）": 0.579,
    "资产负债率（合并）": null,
    "营业收入": "378,213,300.00",
    "净利润": "47,072,500.00",
    "归属于母公司所有者的净利润": "47,072,500.00",
    "扣除非经常性损益后归属于母公司所有者的净利润": "47,749,600.00",
    "基本每股收益": 1.31,
    "稀释每股收益": 1.31,
    "加权平均净资产收益率": 0.4721,
    "经营活动产生的现金流量净额": "74,690,900.00",
    "现金分红": "--",
    "研发投入占营业收入的比例": "3.28%",
    "息税折旧摊销前利润": ""
  },
  {
    "公司名称": "2019-04-30洛阳建龙微纳新材料股份有限公司科创板首次公开发行股票招股说明书（申报稿）",
    "原文链接": "http://static.sse.com.cn/stock/information/c/201904/28ff16bca852463392f56c95379e6087.pdf",
    "报告期": "2019-03-31",
    "数据期": "2017-12-31",
    "所在页": 29,
    "资产总额": "452,297,600.00",
    "归属于母公司所有者权益": "43,316,600.00",
    "资产负债率（母公司）": 0.9042,
    "资产负债率（合并）": null,
    "营业收入": "244,482,300.00",
    "净利润": "-10,188,200.00",
    "归属于母公司所有者的净利润": "-10,188,200.00",
    "扣除非经常性损益后归属于母公司所有者的净利润": "9,135,300.00",
    "基本每股收益": -0.32,
    "稀释每股收益": -0.32,
    "加权平均净资产收益率": -0.268,
    "经营活动产生的现金流量净额": "54,448,400.00",
    "现金分红": "--",
    "研发投入占营业收入的比例": "3.28%",
    "息税折旧摊销前利润": ""
  },
  {
    "公司名称": "2019-04-30洛阳建龙微纳新材料股份有限公司科创板首次公开发行股票招股说明书（申报稿）",
    "原文链接": "http://static.sse.com.cn/stock/information/c/201904/28ff16bca852463392f56c95379e6087.pdf",
    "报告期": "2019-03-31",
    "数据期": "2016-12-31",
    "所在页": 29,
    "资产总额": "448,999,700.00",
    "归属于母公司所有者权益": "53,504,800.00",
    "资产负债率（母公司）": 0.8808,
    "资产负债率（合并）": null,
    "营业收入": "130,009,000.0",
    "净利润": "10,395,700.00",
    "归属于母公司所有者的净利润": "10,395,700.00",
    "扣除非经常性损益后归属于母公司所有者的净利润": "6,686,200.00",
    "基本每股收益": 0.33,
    "稀释每股收益": 0.33,
    "加权平均净资产收益率": 0.2152,
    "经营活动产生的现金流量净额": "-19,965,800.00",
    "现金分红": "--",
    "研发投入占营业收入的比例": "4.66%",
    "息税折旧摊销前利润": ""
  },
  {
    "公司名称": "2019-04-15广东嘉元科技股份有限公司科创板首次公开发行股票招股说明书（申报稿）",
    "原文链接": "http://static.sse.com.cn/stock/information/c/201904/968112e1042e457f910bf89b3700e529.pdf",
    "报告期": "2019-03-31",
    "数据期": "2019-01-03",
    "所在页": 16,
    "资产总额": "",
    "归属于母公司所有者权益": "",
    "资产负债率（母公司）": null,
    "资产负债率（合并）": null,
    "营业收入": "",
    "净利润": "",
    "归属于母公司所有者的净利润": "",
    "扣除非经常性损益后归属于母公司所有者的净利润": "",
    "基本每股收益": "",
    "稀释每股收益": "",
    "加权平均净资产收益率": null,
    "经营活动产生的现金流量净额": "",
    "现金分红": "",
    "研发投入占营业收入的比例": "",
    "息税折旧摊销前利润": ""
  },
  {
    "公司名称": "2019-04-15广东嘉元科技股份有限公司科创板首次公开发行股票招股说明书（申报稿）",
    "原文链接": "http://static.sse.com.cn/stock/information/c/201904/968112e1042e457f910bf89b3700e529.pdf",
    "报告期": "2019-03-31",
    "数据期": "2018-12-31",
    "所在页": 16,
    "资产总额": "1,013,356,700.00",
    "归属于母公司所有者权益": "703,335,100.00",
    "资产负债率（母公司）": 0.3096,
    "资产负债率（合并）": null,
    "营业收入": "1,153,305,600.00",
    "净利润": "176,431,100.00",
    "归属于母公司所有者的净利润": "176,431,100.00",
    "扣除非经常性损益后归属于母公司所有者的净利润": "174,384,200.00",
    "基本每股收益": 1.02,
    "稀释每股收益": 1.02,
    "加权平均净资产收益率": 0.2868,
    "经营活动产生的现金流量净额": "134,924,900.00",
    "现金分红": "19,038,400.00",
    "研发投入占营业收入的比例": "3.32%",
    "息税折旧摊销前利润": ""
  },
  {
    "公司名称": "2019-04-15广东嘉元科技股份有限公司科创板首次公开发行股票招股说明书（申报稿）",
    "原文链接": "http://static.sse.com.cn/stock/information/c/201904/968112e1042e457f910bf89b3700e529.pdf",
    "报告期": "2019-03-31",
    "数据期": "2017-12-31",
    "所在页": 16,
    "资产总额": "798,742,300.00",
    "归属于母公司所有者权益": "526,903,900.00",
    "资产负债率（母公司）": 0.3334,
    "资产负债率（合并）": null,
    "营业收入": "566,228,600.00",
    "净利润": "85,192,500.00",
    "归属于母公司所有者的净利润": "85,192,500.00",
    "扣除非经常性损益后归属于母公司所有者的净利润": "81,963,000.0",
    "基本每股收益": 0.55,
    "稀释每股收益": 0.55,
    "加权平均净资产收益率": 0.2113,
    "经营活动产生的现金流量净额": "16,569,100.00",
    "现金分红": "-",
    "研发投入占营业收入的比例": "4.21%",
    "息税折旧摊销前利润": ""
  },
  {
    "公司名称": "2019-04-15广东嘉元科技股份有限公司科创板首次公开发行股票招股说明书（申报稿）",
    "原文链接": "http://static.sse.com.cn/stock/information/c/201904/968112e1042e457f910bf89b3700e529.pdf",
    "报告期": "2019-03-31",
    "数据期": "2016-12-31",
    "所在页": 16,
    "资产总额": "567,734,200.00",
    "归属于母公司所有者权益": "340,800,100.00",
    "资产负债率（母公司）": 0.2558,
    "资产负债率（合并）": null,
    "营业收入": "418,774,100.00",
    "净利润": "62,219,800.00",
    "归属于母公司所有者的净利润": "62,529,800.00",
    "扣除非经常性损益后归属于母公司所有者的净利润": "56,836,100.00",
    "基本每股收益": 0.46,
    "稀释每股收益": 0.46,
    "加权平均净资产收益率": 0.2482,
    "经营活动产生的现金流量净额": "102,243,200.00",
    "现金分红": "-",
    "研发投入占营业收入的比例": "5.78%",
    "息税折旧摊销前利润": ""
  },
  {
    "公司名称": "2019-04-11上海泰坦科技股份有限公司科创板首次公开发行股票招股说明书（申报稿）",
    "原文链接": "http://static.sse.com.cn/stock/information/c/201904/6cb457a9f3d945af84996cb0acf85780.pdf",
    "报告期": "2019-03-31",
    "数据期": "2019-01-03",
    "所在页": 33,
    "资产总额": "",
    "归属于母公司所有者权益": "",
    "资产负债率（母公司）": null,
    "资产负债率（合并）": null,
    "营业收入": "",
    "净利润": "",
    "归属于母公司所有者的净利润": "",
    "扣除非经常性损益后归属于母公司所有者的净利润": "",
    "基本每股收益": "",
    "稀释每股收益": "",
    "加权平均净资产收益率": null,
    "经营活动产生的现金流量净额": "",
    "现金分红": "",
    "研发投入占营业收入的比例": "",
    "息税折旧摊销前利润": ""
  },
  {
    "公司名称": "2019-04-11上海泰坦科技股份有限公司科创板首次公开发行股票招股说明书（申报稿）",
    "原文链接": "http://static.sse.com.cn/stock/information/c/201904/6cb457a9f3d945af84996cb0acf85780.pdf",
    "报告期": "2019-03-31",
    "数据期": "2018-12-31",
    "所在页": 33,
    "资产总额": "638,347,000.0",
    "归属于母公司所有者权益": "386,161,400.00",
    "资产负债率（母公司）": 0.372,
    "资产负债率（合并）": null,
    "营业收入": "925,611,300.00",
    "净利润": "",
    "归属于母公司所有者的净利润": "59,926,600.00",
    "扣除非经常性损益后归属于母公司所有者的净利润": "53,702,800.00",
    "基本每股收益": 1.2,
    "稀释每股收益": 1.2,
    "加权平均净资产收益率": 0.1909,
    "经营活动产生的现金流量净额": "43,529,900.00",
    "现金分红": "19,799,500.00",
    "研发投入占营业收入的比例": "3.24%",
    "息税折旧摊销前利润": ""
  },
  {
    "公司名称": "2019-04-11上海泰坦科技股份有限公司科创板首次公开发行股票招股说明书（申报稿）",
    "原文链接": "http://static.sse.com.cn/stock/information/c/201904/6cb457a9f3d945af84996cb0acf85780.pdf",
    "报告期": "2019-03-31",
    "数据期": "2017-12-31",
    "所在页": 33,
    "资产总额": "446,962,400.00",
    "归属于母公司所有者权益": "287,381,100.00",
    "资产负债率（母公司）": 0.3291,
    "资产负债率（合并）": null,
    "营业收入": "664,185,800.00",
    "净利润": "",
    "归属于母公司所有者的净利润": "38,555,400.00",
    "扣除非经常性损益后归属于母公司所有者的净利润": "33,038,400.00",
    "基本每股收益": 0.83,
    "稀释每股收益": 0.83,
    "加权平均净资产收益率": 0.1609,
    "经营活动产生的现金流量净额": "19,235,400.00",
    "现金分红": "20,425,500.00",
    "研发投入占营业收入的比例": "4.35%",
    "息税折旧摊销前利润": ""
  },
  {
    "公司名称": "2019-04-11上海泰坦科技股份有限公司科创板首次公开发行股票招股说明书（申报稿）",
    "原文链接": "http://static.sse.com.cn/stock/information/c/201904/6cb457a9f3d945af84996cb0acf85780.pdf",
    "报告期": "2019-03-31",
    "数据期": "2016-12-31",
    "所在页": 33,
    "资产总额": "356,933,100.00",
    "归属于母公司所有者权益": "199,065,200.00",
    "资产负债率（母公司）": 0.4339,
    "资产负债率（合并）": null,
    "营业收入": "408,676,500.00",
    "净利润": "",
    "归属于母公司所有者的净利润": "15,859,400.00",
    "扣除非经常性损益后归属于母公司所有者的净利润": "24,628,700.00",
    "基本每股收益": 0.36,
    "稀释每股收益": 0.36,
    "加权平均净资产收益率": 0.088,
    "经营活动产生的现金流量净额": "-795,900.00",
    "现金分红": "-",
    "研发投入占营业收入的比例": "4.62%",
    "息税折旧摊销前利润": ""
  },
  {
    "公司名称": "2019-03-29北京木瓜移动科技股份有限公司科创板首次公开发行股票招股说明书（申报稿）",
    "原文链接": "http://static.sse.com.cn/stock/information/c/201903/d4ddce23442f4095bf7af8b886a9ec21.pdf",
    "报告期": "2019-03-31",
    "数据期": "2019-01-03",
    "所在页": 41,
    "资产总额": "",
    "归属于母公司所有者权益": "",
    "资产负债率（母公司）": null,
    "资产负债率（合并）": null,
    "营业收入": "",
    "净利润": "",
    "归属于母公司所有者的净利润": "",
    "扣除非经常性损益后归属于母公司所有者的净利润": "",
    "基本每股收益": "",
    "稀释每股收益": "",
    "加权平均净资产收益率": null,
    "经营活动产生的现金流量净额": "",
    "现金分红": "",
    "研发投入占营业收入的比例": "",
    "息税折旧摊销前利润": ""
  },
  {
    "公司名称": "2019-03-29北京木瓜移动科技股份有限公司科创板首次公开发行股票招股说明书（申报稿）",
    "原文链接": "http://static.sse.com.cn/stock/information/c/201903/d4ddce23442f4095bf7af8b886a9ec21.pdf",
    "报告期": "2019-03-31",
    "数据期": "2018-12-31",
    "所在页": 41,
    "资产总额": "1,347,531,000.0",
    "归属于母公司所有者权益": "396,961,600.00",
    "资产负债率（母公司）": null,
    "资产负债率（合并）": 0.7054,
    "营业收入": "4,328,209,000.0",
    "净利润": "83,447,000.0",
    "归属于母公司所有者的净利润": "83,447,000.0",
    "扣除非经常性损益后归属于母公司所有者的净利润": "83,430,900.00",
    "基本每股收益": 1.23,
    "稀释每股收益": 1.23,
    "加权平均净资产收益率": 0.2401,
    "经营活动产生的现金流量净额": "218,963,800.00",
    "现金分红": "-",
    "研发投入占营业收入的比例": "0.71%",
    "息税折旧摊销前利润": ""
  },
  {
    "公司名称": "2019-03-29北京木瓜移动科技股份有限公司科创板首次公开发行股票招股说明书（申报稿）",
    "原文链接": "http://static.sse.com.cn/stock/information/c/201903/d4ddce23442f4095bf7af8b886a9ec21.pdf",
    "报告期": "2019-03-31",
    "数据期": "2017-12-31",
    "所在页": 41,
    "资产总额": "989,014,700.00",
    "归属于母公司所有者权益": "298,176,900.00",
    "资产负债率（母公司）": null,
    "资产负债率（合并）": 0.6985,
    "营业收入": "2,279,380,400.00",
    "净利润": "61,764,500.00",
    "归属于母公司所有者的净利润": "61,764,500.00",
    "扣除非经常性损益后归属于母公司所有者的净利润": "56,813,700.00",
    "基本每股收益": 0.92,
    "稀释每股收益": 0.92,
    "加权平均净资产收益率": 0.2552,
    "经营活动产生的现金流量净额": "-17,265,500.00",
    "现金分红": "-",
    "研发投入占营业收入的比例": "1.2%",
    "息税折旧摊销前利润": ""
  },
  {
    "公司名称": "2019-03-29北京木瓜移动科技股份有限公司科创板首次公开发行股票招股说明书（申报稿）",
    "原文链接": "http://static.sse.com.cn/stock/information/c/201903/d4ddce23442f4095bf7af8b886a9ec21.pdf",
    "报告期": "2019-03-31",
    "数据期": "2016-12-31",
    "所在页": 41,
    "资产总额": "332,510,200.00",
    "归属于母公司所有者权益": "148,991,800.00",
    "资产负债率（母公司）": null,
    "资产负债率（合并）": 0.5519,
    "营业收入": "564,888,300.00",
    "净利润": "34,341,400.00",
    "归属于母公司所有者的净利润": "34,341,400.00",
    "扣除非经常性损益后归属于母公司所有者的净利润": "41,729,300.00",
    "基本每股收益": 0.56,
    "稀释每股收益": 0.56,
    "加权平均净资产收益率": 0.2949,
    "经营活动产生的现金流量净额": "37,802,500.00",
    "现金分红": "-",
    "研发投入占营业收入的比例": "4.94%",
    "息税折旧摊销前利润": ""
  },
  {
    "公司名称": "2019-05-07北京连山科技股份有限公司科创板首次公开发行股票招股说明书（申报稿）",
    "原文链接": "http://static.sse.com.cn/stock/information/c/201905/8ba073a2bfe04721a6631011f2189f13.pdf",
    "报告期": "2019-03-31",
    "数据期": "2019-01-03",
    "所在页": 19,
    "资产总额": "",
    "归属于母公司所有者权益": "",
    "资产负债率（母公司）": null,
    "资产负债率（合并）": null,
    "营业收入": "",
    "净利润": "",
    "归属于母公司所有者的净利润": "",
    "扣除非经常性损益后归属于母公司所有者的净利润": "",
    "基本每股收益": "",
    "稀释每股收益": "",
    "加权平均净资产收益率": null,
    "经营活动产生的现金流量净额": "",
    "现金分红": "",
    "研发投入占营业收入的比例": "",
    "息税折旧摊销前利润": ""
  },
  {
    "公司名称": "2019-05-07北京连山科技股份有限公司科创板首次公开发行股票招股说明书（申报稿）",
    "原文链接": "http://static.sse.com.cn/stock/information/c/201905/8ba073a2bfe04721a6631011f2189f13.pdf",
    "报告期": "2019-03-31",
    "数据期": "2018-12-31",
    "所在页": 19,
    "资产总额": "209,688,200.0",
    "归属于母公司所有者权益": "186,892,600.0",
    "资产负债率（母公司）": 0.1025,
    "资产负债率（合并）": null,
    "营业收入": "141,719,400.0",
    "净利润": "55,883,600.0",
    "归属于母公司所有者的净利润": "55,883,600.0",
    "扣除非经常性损益后归属于母公司所有者的净利润": "55,387,600.0",
    "基本每股收益": 0.8902,
    "稀释每股收益": 0.8902,
    "加权平均净资产收益率": 0.4123,
    "经营活动产生的现金流量净额": "10,767,200.0",
    "现金分红": "",
    "研发投入占营业收入的比例": "21.52%",
    "息税折旧摊销前利润": ""
  },
  {
    "公司名称": "2019-05-07北京连山科技股份有限公司科创板首次公开发行股票招股说明书（申报稿）",
    "原文链接": "http://static.sse.com.cn/stock/information/c/201905/8ba073a2bfe04721a6631011f2189f13.pdf",
    "报告期": "2019-03-31",
    "数据期": "2017-12-31",
    "所在页": 19,
    "资产总额": "112,987,400.0",
    "归属于母公司所有者权益": "90,845,300.0",
    "资产负债率（母公司）": 0.185,
    "资产负债率（合并）": null,
    "营业收入": "113,324,300.0",
    "净利润": "31,539,600.0",
    "归属于母公司所有者的净利润": "31,815,600.0",
    "扣除非经常性损益后归属于母公司所有者的净利润": "31,962,800.0",
    "基本每股收益": "-",
    "稀释每股收益": "-",
    "加权平均净资产收益率": 0.6104,
    "经营活动产生的现金流量净额": "29,198,000.0",
    "现金分红": "",
    "研发投入占营业收入的比例": "24.64%",
    "息税折旧摊销前利润": ""
  },
  {
    "公司名称": "2019-05-07北京连山科技股份有限公司科创板首次公开发行股票招股说明书（申报稿）",
    "原文链接": "http://static.sse.com.cn/stock/information/c/201905/8ba073a2bfe04721a6631011f2189f13.pdf",
    "报告期": "2019-03-31",
    "数据期": "2016-12-31",
    "所在页": 19,
    "资产总额": "60,834,800.0",
    "归属于母公司所有者权益": "36,319,400.0",
    "资产负债率（母公司）": 0.3883,
    "资产负债率（合并）": null,
    "营业收入": "58,069,300.0",
    "净利润": "14,495,700.0",
    "归属于母公司所有者的净利润": "14,926,100.0",
    "扣除非经常性损益后归属于母公司所有者的净利润": "14,877,400.0",
    "基本每股收益": "-",
    "稀释每股收益": "-",
    "加权平均净资产收益率": 0.5173,
    "经营活动产生的现金流量净额": "16,280,500.0",
    "现金分红": "",
    "研发投入占营业收入的比例": "25.87%",
    "息税折旧摊销前利润": ""
  },
  {
    "公司名称": "2019-04-18上海昊海生物科技股份有限公司科创板首次公开发行股票招股说明书（申报稿）",
    "原文链接": "http://static.sse.com.cn/stock/information/c/201904/19fe85337a134c4ea7607fa7e3d52042.pdf",
    "报告期": "2019-03-31",
    "数据期": "2019-01-03",
    "所在页": 30,
    "资产总额": "",
    "归属于母公司所有者权益": "",
    "资产负债率（母公司）": null,
    "资产负债率（合并）": null,
    "营业收入": "",
    "净利润": "",
    "归属于母公司所有者的净利润": "",
    "扣除非经常性损益后归属于母公司所有者的净利润": "",
    "基本每股收益": "",
    "稀释每股收益": "",
    "加权平均净资产收益率": null,
    "经营活动产生的现金流量净额": "",
    "现金分红": "",
    "研发投入占营业收入的比例": "",
    "息税折旧摊销前利润": ""
  },
  {
    "公司名称": "2019-04-18上海昊海生物科技股份有限公司科创板首次公开发行股票招股说明书（申报稿）",
    "原文链接": "http://static.sse.com.cn/stock/information/c/201904/19fe85337a134c4ea7607fa7e3d52042.pdf",
    "报告期": "2019-03-31",
    "数据期": "2018-12-31",
    "所在页": 30,
    "资产总额": 4436352600,
    "归属于母公司所有者权益": 3611509700,
    "资产负债率（母公司）": 0.1367,
    "资产负债率（合并）": 0,
    "营业收入": 1558452700,
    "净利润": 455079300,
    "归属于母公司所有者的净利润": 414540400,
    "扣除非经常性损益后归属于母公司所有者的净利润": 376085300,
    "基本每股收益": 2.59,
    "稀释每股收益": 2.59,
    "加权平均净资产收益率": 0.1217,
    "经营活动产生的现金流量净额": 391287200,
    "现金分红": 80022700,
    "研发投入占营业收入的比例": 6.12,
    "息税折旧摊销前利润": ""
  },
  {
    "公司名称": "2019-04-18上海昊海生物科技股份有限公司科创板首次公开发行股票招股说明书（申报稿）",
    "原文链接": "http://static.sse.com.cn/stock/information/c/201904/19fe85337a134c4ea7607fa7e3d52042.pdf",
    "报告期": "2019-03-31",
    "数据期": "2017-12-31",
    "所在页": 30,
    "资产总额": 4109322500,
    "归属于母公司所有者权益": 3200560500,
    "资产负债率（母公司）": 0.1149,
    "资产负债率（合并）": 0,
    "营业收入": 1354447500,
    "净利润": 400011100,
    "归属于母公司所有者的净利润": 372414000,
    "扣除非经常性损益后归属于母公司所有者的净利润": 349425100,
    "基本每股收益": 2.33,
    "稀释每股收益": 2.33,
    "加权平均净资产收益率": 0.122,
    "经营活动产生的现金流量净额": 351262700,
    "现金分红": 80022700,
    "研发投入占营业收入的比例": 5.64,
    "息税折旧摊销前利润": ""
  },
  {
    "公司名称": "2019-04-18上海昊海生物科技股份有限公司科创板首次公开发行股票招股说明书（申报稿）",
    "原文链接": "http://static.sse.com.cn/stock/information/c/201904/19fe85337a134c4ea7607fa7e3d52042.pdf",
    "报告期": "2019-03-31",
    "数据期": "2016-12-31",
    "所在页": 30,
    "资产总额": 3693412800,
    "归属于母公司所有者权益": 2903991400,
    "资产负债率（母公司）": 0.2751,
    "资产负债率（合并）": 0,
    "营业收入": 861212300,
    "净利润": 310626700,
    "归属于母公司所有者的净利润": 305051200,
    "扣除非经常性损益后归属于母公司所有者的净利润": 293837300,
    "基本每股收益": 1.91,
    "稀释每股收益": 1.91,
    "加权平均净资产收益率": 0.1096,
    "经营活动产生的现金流量净额": 262610900,
    "现金分红": 64018100,
    "研发投入占营业收入的比例": 5.49,
    "息税折旧摊销前利润": ""
  },
  {
    "公司名称": "2019-04-08视联动力信息技术股份有限公司科创板首次公开发行股票招股说明书（申报稿）",
    "原文链接": "http://static.sse.com.cn/stock/information/c/201904/cf8f966bb1c74bd2a1caa145c2a8ba20.pdf",
    "报告期": "2019-03-31",
    "数据期": "2019-01-03",
    "所在页": 56,
    "资产总额": "",
    "归属于母公司所有者权益": "",
    "资产负债率（母公司）": null,
    "资产负债率（合并）": 0,
    "营业收入": "",
    "净利润": "",
    "归属于母公司所有者的净利润": "",
    "扣除非经常性损益后归属于母公司所有者的净利润": "",
    "基本每股收益": "",
    "稀释每股收益": "",
    "加权平均净资产收益率": null,
    "经营活动产生的现金流量净额": "",
    "现金分红": "",
    "研发投入占营业收入的比例": "",
    "息税折旧摊销前利润": ""
  },
  {
    "公司名称": "2019-04-08视联动力信息技术股份有限公司科创板首次公开发行股票招股说明书（申报稿）",
    "原文链接": "http://static.sse.com.cn/stock/information/c/201904/cf8f966bb1c74bd2a1caa145c2a8ba20.pdf",
    "报告期": "2019-03-31",
    "数据期": "2018-12-31",
    "所在页": 56,
    "资产总额": "1,399,218,700.00",
    "归属于母公司所有者权益": "492,544,300.00",
    "资产负债率（母公司）": 0.6323,
    "资产负债率（合并）": null,
    "营业收入": "1,151,597,400.00",
    "净利润": "475,143,200.00",
    "归属于母公司所有者的净利润": "475,143,200.00",
    "扣除非经常性损益后归属于母公司所有者的净利润": "464,868,700.00",
    "基本每股收益": 9.5,
    "稀释每股收益": 9.5,
    "加权平均净资产收益率": 1.8635,
    "经营活动产生的现金流量净额": "235,461,500.00",
    "现金分红": "-",
    "研发投入占营业收入的比例": "10.71%",
    "息税折旧摊销前利润": ""
  },
  {
    "公司名称": "2019-04-08视联动力信息技术股份有限公司科创板首次公开发行股票招股说明书（申报稿）",
    "原文链接": "http://static.sse.com.cn/stock/information/c/201904/cf8f966bb1c74bd2a1caa145c2a8ba20.pdf",
    "报告期": "2019-03-31",
    "数据期": "2017-12-31",
    "所在页": 56,
    "资产总额": "399,161,800.00",
    "归属于母公司所有者权益": "17,401,100.00",
    "资产负债率（母公司）": 0.9322,
    "资产负债率（合并）": null,
    "营业收入": "347,667,700.00",
    "净利润": "69,398,500.00",
    "归属于母公司所有者的净利润": "71,841,700.00",
    "扣除非经常性损益后归属于母公司所有者的净利润": "72,396,600.00",
    "基本每股收益": "-",
    "稀释每股收益": "-",
    "加权平均净资产收益率": 1.2622,
    "经营活动产生的现金流量净额": "51,813,800.00",
    "现金分红": "69,000,000.0",
    "研发投入占营业收入的比例": "16.86%",
    "息税折旧摊销前利润": ""
  },
  {
    "公司名称": "2019-04-08视联动力信息技术股份有限公司科创板首次公开发行股票招股说明书（申报稿）",
    "原文链接": "http://static.sse.com.cn/stock/information/c/201904/cf8f966bb1c74bd2a1caa145c2a8ba20.pdf",
    "报告期": "2019-03-31",
    "数据期": "2016-12-31",
    "所在页": 56,
    "资产总额": "181,198,100.00",
    "归属于母公司所有者权益": "20,994,700.00",
    "资产负债率（母公司）": 0.8714,
    "资产负债率（合并）": null,
    "营业收入": "151,052,600.00",
    "净利润": "33,463,300.00",
    "归属于母公司所有者的净利润": "36,616,600.00",
    "扣除非经常性损益后归属于母公司所有者的净利润": "38,097,400.00",
    "基本每股收益": "-",
    "稀释每股收益": "-",
    "加权平均净资产收益率": 13.6302,
    "经营活动产生的现金流量净额": "41,366,400.00",
    "现金分红": "-",
    "研发投入占营业收入的比例": "17.19%",
    "息税折旧摊销前利润": ""
  },
  {
    "公司名称": "2019-03-28福建福光股份有限公司科创板首次公开发行股票招股说明书（申报稿）",
    "原文链接": "http://static.sse.com.cn/stock/information/c/201903/a29fe51456c14fe9b3ba6236e553dd32.pdf",
    "报告期": "2019-03-31",
    "数据期": "2019-01-03",
    "所在页": 20,
    "资产总额": "",
    "归属于母公司所有者权益": "",
    "资产负债率（母公司）": null,
    "资产负债率（合并）": null,
    "营业收入": "",
    "净利润": "",
    "归属于母公司所有者的净利润": "",
    "扣除非经常性损益后归属于母公司所有者的净利润": "",
    "基本每股收益": "",
    "稀释每股收益": "",
    "加权平均净资产收益率": null,
    "经营活动产生的现金流量净额": "",
    "现金分红": "",
    "研发投入占营业收入的比例": "",
    "息税折旧摊销前利润": ""
  },
  {
    "公司名称": "2019-03-28福建福光股份有限公司科创板首次公开发行股票招股说明书（申报稿）",
    "原文链接": "http://static.sse.com.cn/stock/information/c/201903/a29fe51456c14fe9b3ba6236e553dd32.pdf",
    "报告期": "2019-03-31",
    "数据期": "2018-12-31",
    "所在页": 20,
    "资产总额": "939,832,000.0",
    "归属于母公司所有者权益": "772,136,700.00",
    "资产负债率（母公司）": 0.1348,
    "资产负债率（合并）": null,
    "营业收入": "551,997,100.00",
    "净利润": "91,386,400.00",
    "归属于母公司所有者的净利润": "91,386,400.00",
    "扣除非经常性损益后归属于母公司所有者的净利润": "78,423,500.00",
    "基本每股收益": 0.8,
    "稀释每股收益": 0.8,
    "加权平均净资产收益率": 0.1258,
    "经营活动产生的现金流量净额": "97,777,200.00",
    "现金分红": "-",
    "研发投入占营业收入的比例": "8.21%",
    "息税折旧摊销前利润": ""
  },
  {
    "公司名称": "2019-03-28福建福光股份有限公司科创板首次公开发行股票招股说明书（申报稿）",
    "原文链接": "http://static.sse.com.cn/stock/information/c/201903/a29fe51456c14fe9b3ba6236e553dd32.pdf",
    "报告期": "2019-03-31",
    "数据期": "2017-12-31",
    "所在页": 20,
    "资产总额": "899,150,200.00",
    "归属于母公司所有者权益": "680,750,200.00",
    "资产负债率（母公司）": 0.1654,
    "资产负债率（合并）": null,
    "营业收入": "580,215,100.00",
    "净利润": "91,256,000.0",
    "归属于母公司所有者的净利润": "91,256,000.0",
    "扣除非经常性损益后归属于母公司所有者的净利润": "81,722,100.00",
    "基本每股收益": 0.8,
    "稀释每股收益": 0.8,
    "加权平均净资产收益率": 0.1428,
    "经营活动产生的现金流量净额": "88,056,400.00",
    "现金分红": "49,356,200.00",
    "研发投入占营业收入的比例": "5.01%",
    "息税折旧摊销前利润": ""
  },
  {
    "公司名称": "2019-03-28福建福光股份有限公司科创板首次公开发行股票招股说明书（申报稿）",
    "原文链接": "http://static.sse.com.cn/stock/information/c/201903/a29fe51456c14fe9b3ba6236e553dd32.pdf",
    "报告期": "2019-03-31",
    "数据期": "2016-12-31",
    "所在页": 20,
    "资产总额": "817,347,000.0",
    "归属于母公司所有者权益": "638,850,500.00",
    "资产负债率（母公司）": 0.1953,
    "资产负债率（合并）": null,
    "营业收入": "469,066,500.00",
    "净利润": "71,988,600.00",
    "归属于母公司所有者的净利润": "71,988,600.00",
    "扣除非经常性损益后归属于母公司所有者的净利润": "66,909,900.00",
    "基本每股收益": 0.63,
    "稀释每股收益": 0.63,
    "加权平均净资产收益率": 0.1259,
    "经营活动产生的现金流量净额": "79,569,600.00",
    "现金分红": "-",
    "研发投入占营业收入的比例": "4.94%",
    "息税折旧摊销前利润": ""
  },
  {
    "公司名称": "2019-03-22宁波容百新能源科技股份有限公司科创板首次公开发行股票招股说明书（申报稿）",
    "原文链接": "http://static.sse.com.cn/stock/information/c/201903/bf125ae020454f92965f9738ad7d9f73.pdf",
    "报告期": "2019-03-31",
    "数据期": "2019-01-03",
    "所在页": 35,
    "资产总额": "",
    "归属于母公司所有者权益": "",
    "资产负债率（母公司）": null,
    "资产负债率（合并）": null,
    "营业收入": "",
    "净利润": "",
    "归属于母公司所有者的净利润": "",
    "扣除非经常性损益后归属于母公司所有者的净利润": "",
    "基本每股收益": "",
    "稀释每股收益": "",
    "加权平均净资产收益率": null,
    "经营活动产生的现金流量净额": "",
    "现金分红": "",
    "研发投入占营业收入的比例": "",
    "息税折旧摊销前利润": ""
  },
  {
    "公司名称": "2019-03-22宁波容百新能源科技股份有限公司科创板首次公开发行股票招股说明书（申报稿）",
    "原文链接": "http://static.sse.com.cn/stock/information/c/201903/bf125ae020454f92965f9738ad7d9f73.pdf",
    "报告期": "2019-03-31",
    "数据期": "2018-12-31",
    "所在页": 35,
    "资产总额": "4,263,134,700.00",
    "归属于母公司所有者权益": "3,130,060,300.00",
    "资产负债率（母公司）": 0.1739,
    "资产负债率（合并）": 0.2655,
    "营业收入": "3,041,260,100.00",
    "净利润": "210,970,400.00",
    "归属于母公司所有者的净利润": "212,889,700.00",
    "扣除非经常性损益后归属于母公司所有者的净利润": "202,706,400.00",
    "基本每股收益": 0.56,
    "稀释每股收益": 0.56,
    "加权平均净资产收益率": 0.0851,
    "经营活动产生的现金流量净额": "-542,821,400.00",
    "现金分红": "-",
    "研发投入占营业收入的比例": "3.94%",
    "息税折旧摊销前利润": ""
  },
  {
    "公司名称": "2019-03-22宁波容百新能源科技股份有限公司科创板首次公开发行股票招股说明书（申报稿）",
    "原文链接": "http://static.sse.com.cn/stock/information/c/201903/bf125ae020454f92965f9738ad7d9f73.pdf",
    "报告期": "2019-03-31",
    "数据期": "2017-12-31",
    "所在页": 35,
    "资产总额": "2,187,570,500.00",
    "归属于母公司所有者权益": "1,535,900,200.00",
    "资产负债率（母公司）": 0.2912,
    "资产负债率（合并）": 0.2955,
    "营业收入": "1,878,726,600.00",
    "净利润": "27,232,500.00",
    "归属于母公司所有者的净利润": "31,127,800.00",
    "扣除非经常性损益后归属于母公司所有者的净利润": "91,641,300.00",
    "基本每股收益": "不适用",
    "稀释每股收益": "不适用",
    "加权平均净资产收益率": 0.0386,
    "经营活动产生的现金流量净额": "-637,666,500.00",
    "现金分红": "5,000,000.0",
    "研发投入占营业收入的比例": "4.1%",
    "息税折旧摊销前利润": ""
  },
  {
    "公司名称": "2019-03-22宁波容百新能源科技股份有限公司科创板首次公开发行股票招股说明书（申报稿）",
    "原文链接": "http://static.sse.com.cn/stock/information/c/201903/bf125ae020454f92965f9738ad7d9f73.pdf",
    "报告期": "2019-03-31",
    "数据期": "2016-12-31",
    "所在页": 35,
    "资产总额": "797,501,500.00",
    "归属于母公司所有者权益": "229,812,600.00",
    "资产负债率（母公司）": 0.6781,
    "资产负债率（合并）": 0.6992,
    "营业收入": "885,192,300.00",
    "净利润": "5,559,300.00",
    "归属于母公司所有者的净利润": "6,877,000.0",
    "扣除非经常性损益后归属于母公司所有者的净利润": "11,441,700.00",
    "基本每股收益": "不适用",
    "稀释每股收益": "不适用",
    "加权平均净资产收益率": 0.0317,
    "经营活动产生的现金流量净额": "-62,879,600.00",
    "现金分红": "-",
    "研发投入占营业收入的比例": "3.59%",
    "息税折旧摊销前利润": ""
  },
  {
    "公司名称": "2019-04-12北京诺康达医药科技股份有限公司科创板首次公开发行股票招股说明书（申报稿）",
    "原文链接": "http://static.sse.com.cn/stock/information/c/201904/fa23190c29c04a56aca51d02c4fb8a7d.pdf",
    "报告期": "2019-03-31",
    "数据期": "2019-01-03",
    "所在页": 16,
    "资产总额": "",
    "归属于母公司所有者权益": "",
    "资产负债率（母公司）": null,
    "资产负债率（合并）": null,
    "营业收入": "",
    "净利润": "",
    "归属于母公司所有者的净利润": "",
    "扣除非经常性损益后归属于母公司所有者的净利润": "",
    "基本每股收益": "",
    "稀释每股收益": "",
    "加权平均净资产收益率": null,
    "经营活动产生的现金流量净额": "",
    "现金分红": "",
    "研发投入占营业收入的比例": "",
    "息税折旧摊销前利润": ""
  },
  {
    "公司名称": "2019-04-12北京诺康达医药科技股份有限公司科创板首次公开发行股票招股说明书（申报稿）",
    "原文链接": "http://static.sse.com.cn/stock/information/c/201904/fa23190c29c04a56aca51d02c4fb8a7d.pdf",
    "报告期": "2019-03-31",
    "数据期": "2018-12-31",
    "所在页": 16,
    "资产总额": "366,724,000.0",
    "归属于母公司所有者权益": "292,984,400.00",
    "资产负债率（母公司）": 0.1386,
    "资产负债率（合并）": 0.2011,
    "营业收入": "185,371,900.00",
    "净利润": "77,577,700.00",
    "归属于母公司所有者的净利润": "77,577,700.00",
    "扣除非经常性损益后归属于母公司所有者的净利润": "80,161,600.00",
    "基本每股收益": 1.29,
    "稀释每股收益": 1.29,
    "加权平均净资产收益率": 0.3327,
    "经营活动产生的现金流量净额": "45,889,800.00",
    "现金分红": "25,000,000.0",
    "研发投入占营业收入的比例": "9.46%",
    "息税折旧摊销前利润": "98,062,000.0"
  },
  {
    "公司名称": "2019-04-12北京诺康达医药科技股份有限公司科创板首次公开发行股票招股说明书（申报稿）",
    "原文链接": "http://static.sse.com.cn/stock/information/c/201904/fa23190c29c04a56aca51d02c4fb8a7d.pdf",
    "报告期": "2019-03-31",
    "数据期": "2017-12-31",
    "所在页": 16,
    "资产总额": "280,931,700.00",
    "归属于母公司所有者权益": "209,749,300.00",
    "资产负债率（母公司）": 0.2501,
    "资产负债率（合并）": 0.2534,
    "营业收入": "74,894,900.00",
    "净利润": "35,042,800.00",
    "归属于母公司所有者的净利润": "35,042,800.00",
    "扣除非经常性损益后归属于母公司所有者的净利润": "29,079,100.00",
    "基本每股收益": "-",
    "稀释每股收益": "-",
    "加权平均净资产收益率": 0.191,
    "经营活动产生的现金流量净额": "34,907,300.00",
    "现金分红": "19,500,000.0",
    "研发投入占营业收入的比例": "11.11%",
    "息税折旧摊销前利润": "44,702,800.00"
  },
  {
    "公司名称": "2019-04-12北京诺康达医药科技股份有限公司科创板首次公开发行股票招股说明书（申报稿）",
    "原文链接": "http://static.sse.com.cn/stock/information/c/201904/fa23190c29c04a56aca51d02c4fb8a7d.pdf",
    "报告期": "2019-03-31",
    "数据期": "2016-12-31",
    "所在页": 16,
    "资产总额": "133,017,700.00",
    "归属于母公司所有者权益": "34,206,500.00",
    "资产负债率（母公司）": 0.7386,
    "资产负债率（合并）": 0.7428,
    "营业收入": "22,030,200.00",
    "净利润": "6,016,900.00",
    "归属于母公司所有者的净利润": "6,016,900.00",
    "扣除非经常性损益后归属于母公司所有者的净利润": "5,589,300.00",
    "基本每股收益": "-",
    "稀释每股收益": "-",
    "加权平均净资产收益率": 0.1929,
    "经营活动产生的现金流量净额": "31,381,500.00",
    "现金分红": "-",
    "研发投入占营业收入的比例": "28.44%",
    "息税折旧摊销前利润": "7,723,200.00"
  },
  {
    "公司名称": "2019-04-01优刻得科技股份有限公司科创板首次公开发行股票招股说明书（申报稿）",
    "原文链接": "http://static.sse.com.cn/stock/information/c/201904/a1f1d11e7c5e470691e5abbc780c858e.pdf",
    "报告期": "2019-03-31",
    "数据期": "2019-01-03",
    "所在页": 55,
    "资产总额": "",
    "归属于母公司所有者权益": "",
    "资产负债率（母公司）": null,
    "资产负债率（合并）": null,
    "营业收入": "",
    "净利润": "",
    "归属于母公司所有者的净利润": "",
    "扣除非经常性损益后归属于母公司所有者的净利润": "",
    "基本每股收益": "",
    "稀释每股收益": "",
    "加权平均净资产收益率": null,
    "经营活动产生的现金流量净额": "",
    "现金分红": "",
    "研发投入占营业收入的比例": "",
    "息税折旧摊销前利润": ""
  },
  {
    "公司名称": "2019-04-01优刻得科技股份有限公司科创板首次公开发行股票招股说明书（申报稿）",
    "原文链接": "http://static.sse.com.cn/stock/information/c/201904/a1f1d11e7c5e470691e5abbc780c858e.pdf",
    "报告期": "2019-03-31",
    "数据期": "2018-12-31",
    "所在页": 55,
    "资产总额": "2,155,812,100.00",
    "归属于母公司所有者权益": "1,734,245,100.00",
    "资产负债率（母公司）": 0.2412,
    "资产负债率（合并）": 0.2017,
    "营业收入": "1,187,433,200.00",
    "净利润": "77,148,000.0",
    "归属于母公司所有者的净利润": "80,323,300.00",
    "扣除非经常性损益后归属于母公司所有者的净利润": "82,849,500.00",
    "基本每股收益": 0.22,
    "稀释每股收益": 0.22,
    "加权平均净资产收益率": 0.055,
    "经营活动产生的现金流量净额": "446,410,500.00",
    "现金分红": "-",
    "研发投入占营业收入的比例": "13.51%",
    "息税折旧摊销前利润": ""
  },
  {
    "公司名称": "2019-04-01优刻得科技股份有限公司科创板首次公开发行股票招股说明书（申报稿）",
    "原文链接": "http://static.sse.com.cn/stock/information/c/201904/a1f1d11e7c5e470691e5abbc780c858e.pdf",
    "报告期": "2019-03-31",
    "数据期": "2017-12-31",
    "所在页": 55,
    "资产总额": "1,638,580,900.00",
    "归属于母公司所有者权益": "1,185,462,000.0",
    "资产负债率（母公司）": 0.2992,
    "资产负债率（合并）": 0.2828,
    "营业收入": "839,799,700.00",
    "净利润": "59,279,900.00",
    "归属于母公司所有者的净利润": "76,834,600.00",
    "扣除非经常性损益后归属于母公司所有者的净利润": "53,935,800.00",
    "基本每股收益": 0.25,
    "稀释每股收益": 0.25,
    "加权平均净资产收益率": 0.1334,
    "经营活动产生的现金流量净额": "193,268,300.00",
    "现金分红": "-",
    "研发投入占营业收入的比例": "12.68%",
    "息税折旧摊销前利润": ""
  },
  {
    "公司名称": "2019-04-01优刻得科技股份有限公司科创板首次公开发行股票招股说明书（申报稿）",
    "原文链接": "http://static.sse.com.cn/stock/information/c/201904/a1f1d11e7c5e470691e5abbc780c858e.pdf",
    "报告期": "2019-03-31",
    "数据期": "2016-12-31",
    "所在页": 55,
    "资产总额": "1,626,480,100.00",
    "归属于母公司所有者权益": "-54,593,100.00",
    "资产负债率（母公司）": 1.0242,
    "资产负债率（合并）": 1.036,
    "营业收入": "516,468,400.00",
    "净利润": "-210,862,000.0",
    "归属于母公司所有者的净利润": "-197,168,800.00",
    "扣除非经常性损益后归属于母公司所有者的净利润": "-96,306,200.00",
    "基本每股收益": -1.13,
    "稀释每股收益": -1.13,
    "加权平均净资产收益率": -0.3441,
    "经营活动产生的现金流量净额": "87,781,100.00",
    "现金分红": "-",
    "研发投入占营业收入的比例": "18.97%",
    "息税折旧摊销前利润": ""
  },
  {
    "公司名称": "2019-04-30无锡祥生医疗科技股份有限公司科创板首次公开发行股票招股说明书（申报稿）",
    "原文链接": "http://static.sse.com.cn/stock/information/c/201904/e2db90bd9e2f4e9591ec1fe5b128970b.pdf",
    "报告期": "2019-03-31",
    "数据期": "2019-01-03",
    "所在页": 21,
    "资产总额": "",
    "归属于母公司所有者权益": "",
    "资产负债率（母公司）": null,
    "资产负债率（合并）": null,
    "营业收入": "",
    "净利润": "",
    "归属于母公司所有者的净利润": "",
    "扣除非经常性损益后归属于母公司所有者的净利润": "",
    "基本每股收益": "",
    "稀释每股收益": "",
    "加权平均净资产收益率": null,
    "经营活动产生的现金流量净额": "",
    "现金分红": "",
    "研发投入占营业收入的比例": "",
    "息税折旧摊销前利润": ""
  },
  {
    "公司名称": "2019-04-30无锡祥生医疗科技股份有限公司科创板首次公开发行股票招股说明书（申报稿）",
    "原文链接": "http://static.sse.com.cn/stock/information/c/201904/e2db90bd9e2f4e9591ec1fe5b128970b.pdf",
    "报告期": "2019-03-31",
    "数据期": "2018-12-31",
    "所在页": 21,
    "资产总额": "323,503,300.00",
    "归属于母公司所有者权益": "209,171,600.00",
    "资产负债率（母公司）": null,
    "资产负债率（合并）": 0.3534,
    "营业收入": "326,965,700.00",
    "净利润": "95,063,100.00",
    "归属于母公司所有者的净利润": "95,063,100.00",
    "扣除非经常性损益后归属于母公司所有者的净利润": "91,239,400.00",
    "基本每股收益": 1.58,
    "稀释每股收益": 1.58,
    "加权平均净资产收益率": 0.4487,
    "经营活动产生的现金流量净额": "71,417,100.00",
    "现金分红": "30,450,000.0",
    "研发投入占营业收入的比例": "12.65%",
    "息税折旧摊销前利润": ""
  },
  {
    "公司名称": "2019-04-30无锡祥生医疗科技股份有限公司科创板首次公开发行股票招股说明书（申报稿）",
    "原文链接": "http://static.sse.com.cn/stock/information/c/201904/e2db90bd9e2f4e9591ec1fe5b128970b.pdf",
    "报告期": "2019-03-31",
    "数据期": "2017-12-31",
    "所在页": 21,
    "资产总额": "237,789,100.00",
    "归属于母公司所有者权益": "144,175,700.00",
    "资产负债率（母公司）": null,
    "资产负债率（合并）": 0.3937,
    "营业收入": "271,624,400.00",
    "净利润": "64,042,800.00",
    "归属于母公司所有者的净利润": "64,042,800.00",
    "扣除非经常性损益后归属于母公司所有者的净利润": "62,155,500.00",
    "基本每股收益": 1.07,
    "稀释每股收益": 1.07,
    "加权平均净资产收益率": 0.5401,
    "经营活动产生的现金流量净额": "62,195,000.0",
    "现金分红": "-",
    "研发投入占营业收入的比例": "12.19%",
    "息税折旧摊销前利润": ""
  },
  {
    "公司名称": "2019-04-30无锡祥生医疗科技股份有限公司科创板首次公开发行股票招股说明书（申报稿）",
    "原文链接": "http://static.sse.com.cn/stock/information/c/201904/e2db90bd9e2f4e9591ec1fe5b128970b.pdf",
    "报告期": "2019-03-31",
    "数据期": "2016-12-31",
    "所在页": 21,
    "资产总额": "153,037,900.00",
    "归属于母公司所有者权益": "76,321,500.00",
    "资产负债率（母公司）": null,
    "资产负债率（合并）": 0.5013,
    "营业收入": "166,950,500.00",
    "净利润": "30,465,500.00",
    "归属于母公司所有者的净利润": "30,465,500.00",
    "扣除非经常性损益后归属于母公司所有者的净利润": "28,483,000.0",
    "基本每股收益": 0.51,
    "稀释每股收益": 0.51,
    "加权平均净资产收益率": 0.1983,
    "经营活动产生的现金流量净额": "42,148,600.00",
    "现金分红": "50,000,000.0",
    "研发投入占营业收入的比例": "16.93%",
    "息税折旧摊销前利润": ""
  },
  {
    "公司名称": "2019-04-26龙岩卓越新能源股份有限公司科创板首次公开发行股票招股说明书（申报稿）",
    "原文链接": "http://static.sse.com.cn/stock/information/c/201904/4163dd4569f749c885f96d5db93180d5.pdf",
    "报告期": "2019-03-31",
    "数据期": "2019-01-03",
    "所在页": 29,
    "资产总额": "",
    "归属于母公司所有者权益": "",
    "资产负债率（母公司）": null,
    "资产负债率（合并）": null,
    "营业收入": "",
    "净利润": "",
    "归属于母公司所有者的净利润": "",
    "扣除非经常性损益后归属于母公司所有者的净利润": "",
    "基本每股收益": "",
    "稀释每股收益": "",
    "加权平均净资产收益率": null,
    "经营活动产生的现金流量净额": "",
    "现金分红": "",
    "研发投入占营业收入的比例": "",
    "息税折旧摊销前利润": ""
  },
  {
    "公司名称": "2019-04-26龙岩卓越新能源股份有限公司科创板首次公开发行股票招股说明书（申报稿）",
    "原文链接": "http://static.sse.com.cn/stock/information/c/201904/4163dd4569f749c885f96d5db93180d5.pdf",
    "报告期": "2019-03-31",
    "数据期": "2018-12-31",
    "所在页": 29,
    "资产总额": 817943800,
    "归属于母公司所有者权益": 651441000,
    "资产负债率（母公司）": 0.002235,
    "资产负债率（合并）": 0,
    "营业收入": 1017536000,
    "净利润": 133685800,
    "归属于母公司所有者的净利润": 133685800,
    "扣除非经常性损益后归属于母公司所有者的净利润": 133893300,
    "基本每股收益": null,
    "稀释每股收益": 1.49,
    "加权平均净资产收益率": 0.002236,
    "经营活动产生的现金流量净额": 255463100,
    "现金分红": null,
    "研发投入占营业收入的比例": 0.0469,
    "息税折旧摊销前利润": ""
  },
  {
    "公司名称": "2019-04-26龙岩卓越新能源股份有限公司科创板首次公开发行股票招股说明书（申报稿）",
    "原文链接": "http://static.sse.com.cn/stock/information/c/201904/4163dd4569f749c885f96d5db93180d5.pdf",
    "报告期": "2019-03-31",
    "数据期": "2017-12-31",
    "所在页": 29,
    "资产总额": 694055700,
    "归属于母公司所有者权益": 537555300,
    "资产负债率（母公司）": 0.002347,
    "资产负债率（合并）": 0,
    "营业收入": 872877000,
    "净利润": 64815600,
    "归属于母公司所有者的净利润": 64815600,
    "扣除非经常性损益后归属于母公司所有者的净利润": 60027500,
    "基本每股收益": null,
    "稀释每股收益": 0.72,
    "加权平均净资产收益率": 0.001283,
    "经营活动产生的现金流量净额": -49610200,
    "现金分红": null,
    "研发投入占营业收入的比例": 0.0442,
    "息税折旧摊销前利润": ""
  },
  {
    "公司名称": "2019-04-26龙岩卓越新能源股份有限公司科创板首次公开发行股票招股说明书（申报稿）",
    "原文链接": "http://static.sse.com.cn/stock/information/c/201904/4163dd4569f749c885f96d5db93180d5.pdf",
    "报告期": "2019-03-31",
    "数据期": "2016-12-31",
    "所在页": 29,
    "资产总额": 603269000,
    "归属于母公司所有者权益": 472739600,
    "资产负债率（母公司）": 0.002408,
    "资产负债率（合并）": 0,
    "营业收入": 465820000,
    "净利润": 50450200,
    "归属于母公司所有者的净利润": 50450200,
    "扣除非经常性损益后归属于母公司所有者的净利润": 47761500,
    "基本每股收益": null,
    "稀释每股收益": 0.56,
    "加权平均净资产收益率": 0.001127,
    "经营活动产生的现金流量净额": 42740000,
    "现金分红": null,
    "研发投入占营业收入的比例": 0.0573,
    "息税折旧摊销前利润": ""
  },
  {
    "公司名称": "2019-03-27苏州华兴源创科技股份有限公司科创板首次公开发行股票招股说明书（申报稿）",
    "原文链接": "http://static.sse.com.cn/stock/information/c/201903/32615d5f6d78482f90f76559eff21179.pdf",
    "报告期": "2019-03-31",
    "数据期": "2019-01-03",
    "所在页": 40,
    "资产总额": "",
    "归属于母公司所有者权益": "",
    "资产负债率（母公司）": null,
    "资产负债率（合并）": null,
    "营业收入": "",
    "净利润": "",
    "归属于母公司所有者的净利润": "",
    "扣除非经常性损益后归属于母公司所有者的净利润": "",
    "基本每股收益": "",
    "稀释每股收益": "",
    "加权平均净资产收益率": null,
    "经营活动产生的现金流量净额": "",
    "现金分红": "",
    "研发投入占营业收入的比例": "",
    "息税折旧摊销前利润": ""
  },
  {
    "公司名称": "2019-03-27苏州华兴源创科技股份有限公司科创板首次公开发行股票招股说明书（申报稿）",
    "原文链接": "http://static.sse.com.cn/stock/information/c/201903/32615d5f6d78482f90f76559eff21179.pdf",
    "报告期": "2019-03-31",
    "数据期": "2018-12-31",
    "所在页": 40,
    "资产总额": "1,243,257,100.00",
    "归属于母公司所有者权益": "911,301,100.00",
    "资产负债率（母公司）": 0.2648,
    "资产负债率（合并）": null,
    "营业收入": "1,005,083,500.00",
    "净利润": "243,286,000.0",
    "归属于母公司所有者的净利润": "243,286,000.0",
    "扣除非经常性损益后归属于母公司所有者的净利润": "236,835,500.00",
    "基本每股收益": 0.66,
    "稀释每股收益": 0.66,
    "加权平均净资产收益率": 0.3001,
    "经营活动产生的现金流量净额": "184,434,300.00",
    "现金分红": "-",
    "研发投入占营业收入的比例": "13.78%",
    "息税折旧摊销前利润": ""
  },
  {
    "公司名称": "2019-03-27苏州华兴源创科技股份有限公司科创板首次公开发行股票招股说明书（申报稿）",
    "原文链接": "http://static.sse.com.cn/stock/information/c/201903/32615d5f6d78482f90f76559eff21179.pdf",
    "报告期": "2019-03-31",
    "数据期": "2017-12-31",
    "所在页": 40,
    "资产总额": "949,733,400.00",
    "归属于母公司所有者权益": "667,122,200.00",
    "资产负债率（母公司）": 0.2969,
    "资产负债率（合并）": null,
    "营业收入": "1,369,834,200.00",
    "净利润": "209,669,100.00",
    "归属于母公司所有者的净利润": "209,669,100.00",
    "扣除非经常性损益后归属于母公司所有者的净利润": "295,785,000.0",
    "基本每股收益": "-",
    "稀释每股收益": "-",
    "加权平均净资产收益率": 0.449,
    "经营活动产生的现金流量净额": "147,196,400.00",
    "现金分红": "562,500,000.0",
    "研发投入占营业收入的比例": "6.83%",
    "息税折旧摊销前利润": ""
  },
  {
    "公司名称": "2019-03-27苏州华兴源创科技股份有限公司科创板首次公开发行股票招股说明书（申报稿）",
    "原文链接": "http://static.sse.com.cn/stock/information/c/201903/32615d5f6d78482f90f76559eff21179.pdf",
    "报告期": "2019-03-31",
    "数据期": "2016-12-31",
    "所在页": 40,
    "资产总额": "709,479,800.00",
    "归属于母公司所有者权益": "633,886,500.00",
    "资产负债率（母公司）": 0.1061,
    "资产负债率（合并）": null,
    "营业收入": "515,954,400.00",
    "净利润": "180,297,000.0",
    "归属于母公司所有者的净利润": "180,297,000.0",
    "扣除非经常性损益后归属于母公司所有者的净利润": "171,638,300.00",
    "基本每股收益": "-",
    "稀释每股收益": "-",
    "加权平均净资产收益率": 0.2945,
    "经营活动产生的现金流量净额": "145,349,000.0",
    "现金分红": "95,833,400.00",
    "研发投入占营业收入的比例": "9.25%",
    "息税折旧摊销前利润": ""
  },
  {
    "公司名称": "2019-04-04西安铂力特增材技术股份有限公司科创板首次公开发行股票招股说明书（申报稿）",
    "原文链接": "http://static.sse.com.cn/stock/information/c/201904/25c6651e92f14cb2ad187dd80c6926c1.pdf",
    "报告期": "2019-03-31",
    "数据期": "2019-01-03",
    "所在页": 54,
    "资产总额": "",
    "归属于母公司所有者权益": "",
    "资产负债率（母公司）": null,
    "资产负债率（合并）": null,
    "营业收入": "",
    "净利润": "",
    "归属于母公司所有者的净利润": "",
    "扣除非经常性损益后归属于母公司所有者的净利润": "",
    "基本每股收益": "",
    "稀释每股收益": "",
    "加权平均净资产收益率": null,
    "经营活动产生的现金流量净额": "",
    "现金分红": "",
    "研发投入占营业收入的比例": "",
    "息税折旧摊销前利润": ""
  },
  {
    "公司名称": "2019-04-04西安铂力特增材技术股份有限公司科创板首次公开发行股票招股说明书（申报稿）",
    "原文链接": "http://static.sse.com.cn/stock/information/c/201904/25c6651e92f14cb2ad187dd80c6926c1.pdf",
    "报告期": "2019-03-31",
    "数据期": "2018-12-31",
    "所在页": 54,
    "资产总额": "839,658,700.00",
    "归属于母公司所有者权益": "395,644,400.00",
    "资产负债率（母公司）": 0.4923,
    "资产负债率（合并）": null,
    "营业收入": "291,479,200.00",
    "净利润": "57,993,900.00",
    "归属于母公司所有者的净利润": "57,183,600.00",
    "扣除非经常性损益后归属于母公司所有者的净利润": "38,595,900.00",
    "基本每股收益": 0.95,
    "稀释每股收益": 0.95,
    "加权平均净资产收益率": 0.1559,
    "经营活动产生的现金流量净额": "-31,887,500.00",
    "现金分红": "-",
    "研发投入占营业收入的比例": "8.79%",
    "息税折旧摊销前利润": ""
  },
  {
    "公司名称": "2019-04-04西安铂力特增材技术股份有限公司科创板首次公开发行股票招股说明书（申报稿）",
    "原文链接": "http://static.sse.com.cn/stock/information/c/201904/25c6651e92f14cb2ad187dd80c6926c1.pdf",
    "报告期": "2019-03-31",
    "数据期": "2017-12-31",
    "所在页": 54,
    "资产总额": "598,752,100.00",
    "归属于母公司所有者权益": "337,971,000.0",
    "资产负债率（母公司）": 0.3777,
    "资产负债率（合并）": null,
    "营业收入": "219,948,400.00",
    "净利润": "35,870,100.00",
    "归属于母公司所有者的净利润": "34,255,400.00",
    "扣除非经常性损益后归属于母公司所有者的净利润": "26,293,700.00",
    "基本每股收益": 0.57,
    "稀释每股收益": 0.57,
    "加权平均净资产收益率": 0.1069,
    "经营活动产生的现金流量净额": "26,397,400.00",
    "现金分红": "-",
    "研发投入占营业收入的比例": "10.57%",
    "息税折旧摊销前利润": ""
  },
  {
    "公司名称": "2019-04-04西安铂力特增材技术股份有限公司科创板首次公开发行股票招股说明书（申报稿）",
    "原文链接": "http://static.sse.com.cn/stock/information/c/201904/25c6651e92f14cb2ad187dd80c6926c1.pdf",
    "报告期": "2019-03-31",
    "数据期": "2016-12-31",
    "所在页": 54,
    "资产总额": "487,112,600.00",
    "归属于母公司所有者权益": "302,825,600.00",
    "资产负债率（母公司）": 0.3107,
    "资产负债率（合并）": null,
    "营业收入": "166,343,300.00",
    "净利润": "28,737,900.00",
    "归属于母公司所有者的净利润": "31,327,100.00",
    "扣除非经常性损益后归属于母公司所有者的净利润": "26,227,900.00",
    "基本每股收益": 0.57,
    "稀释每股收益": 0.57,
    "加权平均净资产收益率": 0.2773,
    "经营活动产生的现金流量净额": "-10,885,600.00",
    "现金分红": "-",
    "研发投入占营业收入的比例": "9.11%",
    "息税折旧摊销前利润": ""
  },
  {
    "公司名称": "2019-04-12北京国科环宇科技股份有限公司科创板首次公开发行股票招股说明书（申报稿）",
    "原文链接": "http://static.sse.com.cn/stock/information/c/201904/352ac4249a4341a6827dacb40842e560.pdf",
    "报告期": "2019-03-31",
    "数据期": "2019-01-03",
    "所在页": 30,
    "资产总额": "",
    "归属于母公司所有者权益": "",
    "资产负债率（母公司）": null,
    "资产负债率（合并）": null,
    "营业收入": "",
    "净利润": "",
    "归属于母公司所有者的净利润": "",
    "扣除非经常性损益后归属于母公司所有者的净利润": "",
    "基本每股收益": "",
    "稀释每股收益": "",
    "加权平均净资产收益率": null,
    "经营活动产生的现金流量净额": "",
    "现金分红": "",
    "研发投入占营业收入的比例": "",
    "息税折旧摊销前利润": ""
  },
  {
    "公司名称": "2019-04-12北京国科环宇科技股份有限公司科创板首次公开发行股票招股说明书（申报稿）",
    "原文链接": "http://static.sse.com.cn/stock/information/c/201904/352ac4249a4341a6827dacb40842e560.pdf",
    "报告期": "2019-03-31",
    "数据期": "2018-12-31",
    "所在页": 30,
    "资产总额": "226,746,200.00",
    "归属于母公司所有者权益": "90,827,000.0",
    "资产负债率（母公司）": 0.5413,
    "资产负债率（合并）": null,
    "营业收入": "187,058,700.00",
    "净利润": "12,155,800.00",
    "归属于母公司所有者的净利润": "13,443,900.00",
    "扣除非经常性损益后归属于母公司所有者的净利润": "20,568,200.00",
    "基本每股收益": 0.45,
    "稀释每股收益": 0.45,
    "加权平均净资产收益率": 0.1693,
    "经营活动产生的现金流量净额": "-14,309,000.0",
    "现金分红": "-",
    "研发投入占营业收入的比例": "5.19%",
    "息税折旧摊销前利润": ""
  },
  {
    "公司名称": "2019-04-12北京国科环宇科技股份有限公司科创板首次公开发行股票招股说明书（申报稿）",
    "原文链接": "http://static.sse.com.cn/stock/information/c/201904/352ac4249a4341a6827dacb40842e560.pdf",
    "报告期": "2019-03-31",
    "数据期": "2017-12-31",
    "所在页": 30,
    "资产总额": "190,574,400.00",
    "归属于母公司所有者权益": "68,353,300.00",
    "资产负债率（母公司）": 0.6159,
    "资产负债率（合并）": null,
    "营业收入": "126,283,100.00",
    "净利润": "3,150,800.00",
    "归属于母公司所有者的净利润": "3,997,200.00",
    "扣除非经常性损益后归属于母公司所有者的净利润": "3,947,300.00",
    "基本每股收益": "-",
    "稀释每股收益": "-",
    "加权平均净资产收益率": 0.0602,
    "经营活动产生的现金流量净额": "26,044,900.00",
    "现金分红": "-",
    "研发投入占营业收入的比例": "6.96%",
    "息税折旧摊销前利润": ""
  },
  {
    "公司名称": "2019-04-12北京国科环宇科技股份有限公司科创板首次公开发行股票招股说明书（申报稿）",
    "原文链接": "http://static.sse.com.cn/stock/information/c/201904/352ac4249a4341a6827dacb40842e560.pdf",
    "报告期": "2019-03-31",
    "数据期": "2016-12-31",
    "所在页": 30,
    "资产总额": "135,936,800.00",
    "归属于母公司所有者权益": "64,356,100.00",
    "资产负债率（母公司）": 0.5266,
    "资产负债率（合并）": null,
    "营业收入": "63,108,400.00",
    "净利润": "-17,607,500.00",
    "归属于母公司所有者的净利润": "-17,607,500.00",
    "扣除非经常性损益后归属于母公司所有者的净利润": "-18,277,500.00",
    "基本每股收益": "-",
    "稀释每股收益": "-",
    "加权平均净资产收益率": -0.3178,
    "经营活动产生的现金流量净额": "-39,028,600.00",
    "现金分红": "-",
    "研发投入占营业收入的比例": "17.9%",
    "息税折旧摊销前利润": ""
  },
  {
    "公司名称": "2019-04-09北京石头世纪科技股份有限公司科创板首次公开发行股票招股说明书（申报稿）",
    "原文链接": "http://static.sse.com.cn/stock/information/c/201904/c373cd9cd58e447cb1e6bc4dde80e61e.pdf",
    "报告期": "2019-03-31",
    "数据期": "2019-01-03",
    "所在页": 40,
    "资产总额": "",
    "归属于母公司所有者权益": "",
    "资产负债率（母公司）": null,
    "资产负债率（合并）": null,
    "营业收入": "",
    "净利润": "",
    "归属于母公司所有者的净利润": "",
    "扣除非经常性损益后归属于母公司所有者的净利润": "",
    "基本每股收益": "",
    "稀释每股收益": "",
    "加权平均净资产收益率": null,
    "经营活动产生的现金流量净额": "",
    "现金分红": "",
    "研发投入占营业收入的比例": "",
    "息税折旧摊销前利润": ""
  },
  {
    "公司名称": "2019-04-09北京石头世纪科技股份有限公司科创板首次公开发行股票招股说明书（申报稿）",
    "原文链接": "http://static.sse.com.cn/stock/information/c/201904/c373cd9cd58e447cb1e6bc4dde80e61e.pdf",
    "报告期": "2019-03-31",
    "数据期": "2018-12-31",
    "所在页": 40,
    "资产总额": "1,277,152,000.0",
    "归属于母公司所有者权益": "699,387,200.0",
    "资产负债率（母公司）": 0.2398,
    "资产负债率（合并）": null,
    "营业收入": "3,051,250,400.0",
    "净利润": "307,587,800.0",
    "归属于母公司所有者的净利润": "307,587,800.0",
    "扣除非经常性损益后归属于母公司所有者的净利润": "458,084,300.0",
    "基本每股收益": 6.15,
    "稀释每股收益": 6.15,
    "加权平均净资产收益率": 0.6214,
    "经营活动产生的现金流量净额": "424,837,600.0",
    "现金分红": "50,000,000.0",
    "研发投入占营业收入的比例": "3.82%",
    "息税折旧摊销前利润": ""
  },
  {
    "公司名称": "2019-04-09北京石头世纪科技股份有限公司科创板首次公开发行股票招股说明书（申报稿）",
    "原文链接": "http://static.sse.com.cn/stock/information/c/201904/c373cd9cd58e447cb1e6bc4dde80e61e.pdf",
    "报告期": "2019-03-31",
    "数据期": "2017-12-31",
    "所在页": 40,
    "资产总额": "604,359,200.0",
    "归属于母公司所有者权益": "269,396,600.0",
    "资产负债率（母公司）": 0.5452,
    "资产负债率（合并）": null,
    "营业收入": "1,118,817,600.0",
    "净利润": "66,996,200.0",
    "归属于母公司所有者的净利润": "66,996,200.0",
    "扣除非经常性损益后归属于母公司所有者的净利润": "90,432,100.0",
    "基本每股收益": "-",
    "稀释每股收益": "-",
    "加权平均净资产收益率": 0.3229,
    "经营活动产生的现金流量净额": "43,713,600.0",
    "现金分红": "-",
    "研发投入占营业收入的比例": "9.5%",
    "息税折旧摊销前利润": ""
  },
  {
    "公司名称": "2019-04-09北京石头世纪科技股份有限公司科创板首次公开发行股票招股说明书（申报稿）",
    "原文链接": "http://static.sse.com.cn/stock/information/c/201904/c373cd9cd58e447cb1e6bc4dde80e61e.pdf",
    "报告期": "2019-03-31",
    "数据期": "2016-12-31",
    "所在页": 40,
    "资产总额": "261,317,100.0",
    "归属于母公司所有者权益": "145,737,400.0",
    "资产负债率（母公司）": 0.4423,
    "资产负债率（合并）": null,
    "营业收入": "183,127,000.0",
    "净利润": "-11,239,900.0",
    "归属于母公司所有者的净利润": "-11,239,900.0",
    "扣除非经常性损益后归属于母公司所有者的净利润": "-11,271,800.0",
    "基本每股收益": "-",
    "稀释每股收益": "-",
    "加权平均净资产收益率": -0.1016,
    "经营活动产生的现金流量净额": "-50,629,400.0",
    "现金分红": "-",
    "研发投入占营业收入的比例": "21.49%",
    "息税折旧摊销前利润": ""
  },
  {
    "公司名称": "2019-04-19三达膜环境技术股份有限公司科创板首次公开发行股票招股说明书（申报稿）",
    "原文链接": "http://static.sse.com.cn/stock/information/c/201904/2f11c4c628834a77a4a7648bfab44275.pdf",
    "报告期": "2019-03-31",
    "数据期": "2019-01-03",
    "所在页": 28,
    "资产总额": "",
    "归属于母公司所有者权益": "",
    "资产负债率（母公司）": null,
    "资产负债率（合并）": null,
    "营业收入": "",
    "净利润": "",
    "归属于母公司所有者的净利润": "",
    "扣除非经常性损益后归属于母公司所有者的净利润": "",
    "基本每股收益": "",
    "稀释每股收益": "",
    "加权平均净资产收益率": null,
    "经营活动产生的现金流量净额": "",
    "现金分红": "",
    "研发投入占营业收入的比例": "",
    "息税折旧摊销前利润": ""
  },
  {
    "公司名称": "2019-04-19三达膜环境技术股份有限公司科创板首次公开发行股票招股说明书（申报稿）",
    "原文链接": "http://static.sse.com.cn/stock/information/c/201904/2f11c4c628834a77a4a7648bfab44275.pdf",
    "报告期": "2019-03-31",
    "数据期": "2018-12-31",
    "所在页": 28,
    "资产总额": "2,398,607,100.00",
    "归属于母公司所有者权益": "1,421,428,000.0",
    "资产负债率（母公司）": 0.2819,
    "资产负债率（合并）": null,
    "营业收入": "589,908,800.00",
    "净利润": "183,193,400.00",
    "归属于母公司所有者的净利润": "181,321,700.00",
    "扣除非经常性损益后归属于母公司所有者的净利润": "174,374,800.00",
    "基本每股收益": 0.72,
    "稀释每股收益": 0.72,
    "加权平均净资产收益率": 0.1363,
    "经营活动产生的现金流量净额": "100,565,900.00",
    "现金分红": "-",
    "研发投入占营业收入的比例": "5.4%",
    "息税折旧摊销前利润": ""
  },
  {
    "公司名称": "2019-04-19三达膜环境技术股份有限公司科创板首次公开发行股票招股说明书（申报稿）",
    "原文链接": "http://static.sse.com.cn/stock/information/c/201904/2f11c4c628834a77a4a7648bfab44275.pdf",
    "报告期": "2019-03-31",
    "数据期": "2017-12-31",
    "所在页": 28,
    "资产总额": "1,978,704,300.00",
    "归属于母公司所有者权益": "1,240,106,300.00",
    "资产负债率（母公司）": 0.2563,
    "资产负债率（合并）": null,
    "营业收入": "585,941,700.00",
    "净利润": "187,225,100.00",
    "归属于母公司所有者的净利润": "185,231,000.0",
    "扣除非经常性损益后归属于母公司所有者的净利润": "173,503,000.0",
    "基本每股收益": 0.74,
    "稀释每股收益": 0.74,
    "加权平均净资产收益率": 0.1614,
    "经营活动产生的现金流量净额": "124,583,500.00",
    "现金分红": "-",
    "研发投入占营业收入的比例": "4.93%",
    "息税折旧摊销前利润": ""
  },
  {
    "公司名称": "2019-04-19三达膜环境技术股份有限公司科创板首次公开发行股票招股说明书（申报稿）",
    "原文链接": "http://static.sse.com.cn/stock/information/c/201904/2f11c4c628834a77a4a7648bfab44275.pdf",
    "报告期": "2019-03-31",
    "数据期": "2016-12-31",
    "所在页": 28,
    "资产总额": "1,758,826,000.0",
    "归属于母公司所有者权益": "1,054,875,200.00",
    "资产负债率（母公司）": 0.3073,
    "资产负债率（合并）": null,
    "营业收入": "544,464,700.00",
    "净利润": "130,722,800.00",
    "归属于母公司所有者的净利润": "128,716,700.00",
    "扣除非经常性损益后归属于母公司所有者的净利润": "115,947,500.00",
    "基本每股收益": 0.51,
    "稀释每股收益": 0.51,
    "加权平均净资产收益率": 0.1299,
    "经营活动产生的现金流量净额": "194,683,800.00",
    "现金分红": "-",
    "研发投入占营业收入的比例": "5.06%",
    "息税折旧摊销前利润": ""
  },
  {
    "公司名称": "2019-03-22广东利元亨智能装备股份有限公司科创板首次公开发行股票招股说明书（申报稿）",
    "原文链接": "http://static.sse.com.cn/stock/information/c/201903/5bcdbbeaa8fe4c17a2c54374bcce39e3.pdf",
    "报告期": "2019-03-31",
    "数据期": "2019-01-03",
    "所在页": 33,
    "资产总额": "",
    "归属于母公司所有者权益": "",
    "资产负债率（母公司）": null,
    "资产负债率（合并）": null,
    "营业收入": "",
    "净利润": "",
    "归属于母公司所有者的净利润": "",
    "扣除非经常性损益后归属于母公司所有者的净利润": "",
    "基本每股收益": "",
    "稀释每股收益": "",
    "加权平均净资产收益率": null,
    "经营活动产生的现金流量净额": "",
    "现金分红": "",
    "研发投入占营业收入的比例": "",
    "息税折旧摊销前利润": ""
  },
  {
    "公司名称": "2019-03-22广东利元亨智能装备股份有限公司科创板首次公开发行股票招股说明书（申报稿）",
    "原文链接": "http://static.sse.com.cn/stock/information/c/201903/5bcdbbeaa8fe4c17a2c54374bcce39e3.pdf",
    "报告期": "2019-03-31",
    "数据期": "2018-12-31",
    "所在页": 33,
    "资产总额": "1,351,964,800.00",
    "归属于母公司所有者权益": "571,670,700.00",
    "资产负债率（母公司）": 0.5776,
    "资产负债率（合并）": null,
    "营业收入": "681,373,300.00",
    "净利润": "129,007,600.00",
    "归属于母公司所有者的净利润": "129,007,600.00",
    "扣除非经常性损益后归属于母公司所有者的净利润": "122,078,200.00",
    "基本每股收益": 2.15,
    "稀释每股收益": 2.15,
    "加权平均净资产收益率": 0.2903,
    "经营活动产生的现金流量净额": "64,290,400.00",
    "现金分红": "-",
    "研发投入占营业收入的比例": "11.5%",
    "息税折旧摊销前利润": ""
  },
  {
    "公司名称": "2019-03-22广东利元亨智能装备股份有限公司科创板首次公开发行股票招股说明书（申报稿）",
    "原文链接": "http://static.sse.com.cn/stock/information/c/201903/5bcdbbeaa8fe4c17a2c54374bcce39e3.pdf",
    "报告期": "2019-03-31",
    "数据期": "2017-12-31",
    "所在页": 33,
    "资产总额": "808,799,500.00",
    "归属于母公司所有者权益": "182,663,100.00",
    "资产负债率（母公司）": 0.7748,
    "资产负债率（合并）": null,
    "营业收入": "402,597,000.0",
    "净利润": "41,581,500.00",
    "归属于母公司所有者的净利润": "41,581,500.00",
    "扣除非经常性损益后归属于母公司所有者的净利润": "63,105,800.00",
    "基本每股收益": "-",
    "稀释每股收益": "-",
    "加权平均净资产收益率": 0.78,
    "经营活动产生的现金流量净额": "9,676,600.00",
    "现金分红": "30,162,200.00",
    "研发投入占营业收入的比例": "13.15%",
    "息税折旧摊销前利润": ""
  },
  {
    "公司名称": "2019-03-22广东利元亨智能装备股份有限公司科创板首次公开发行股票招股说明书（申报稿）",
    "原文链接": "http://static.sse.com.cn/stock/information/c/201903/5bcdbbeaa8fe4c17a2c54374bcce39e3.pdf",
    "报告期": "2019-03-31",
    "数据期": "2016-12-31",
    "所在页": 33,
    "资产总额": "330,829,000.0",
    "归属于母公司所有者权益": "18,109,100.00",
    "资产负债率（母公司）": 0.9453,
    "资产负债率（合并）": null,
    "营业收入": "228,972,600.00",
    "净利润": "12,603,300.00",
    "归属于母公司所有者的净利润": "12,603,300.00",
    "扣除非经常性损益后归属于母公司所有者的净利润": "12,618,800.00",
    "基本每股收益": "-",
    "稀释每股收益": "-",
    "加权平均净资产收益率": 1.0687,
    "经营活动产生的现金流量净额": "-15,953,900.00",
    "现金分红": "-",
    "研发投入占营业收入的比例": "9.89%",
    "息税折旧摊销前利润": ""
  },
  {
    "公司名称": "2019-04-30上海硅产业集团股份有限公司科创板首次公开发行股票招股说明书（申报稿）",
    "原文链接": "http://static.sse.com.cn/stock/information/c/201904/b0dda98ef79742bc9a4715c73be4b684.pdf",
    "报告期": "2019-03-31",
    "数据期": "2019-01-03",
    "所在页": 17,
    "资产总额": "8,551,506,800.00",
    "归属于母公司所有者权益": "4,463,054,900.00",
    "资产负债率（母公司）": 0.2983,
    "资产负债率（合并）": null,
    "营业收入": "269,523,100.00",
    "净利润": "5,471,300.00",
    "归属于母公司所有者的净利润": "11,294,100.00",
    "扣除非经常性损益后归属于母公司所有者的净利润": "-20,393,600.00",
    "基本每股收益": 0.007,
    "稀释每股收益": 0.007,
    "加权平均净资产收益率": 0.0033,
    "经营活动产生的现金流量净额": "-52,687,800.00",
    "现金分红": "-",
    "研发投入占营业收入的比例": "6.7%",
    "息税折旧摊销前利润": ""
  },
  {
    "公司名称": "2019-04-30上海硅产业集团股份有限公司科创板首次公开发行股票招股说明书（申报稿）",
    "原文链接": "http://static.sse.com.cn/stock/information/c/201904/b0dda98ef79742bc9a4715c73be4b684.pdf",
    "报告期": "2019-03-31",
    "数据期": "2018-12-31",
    "所在页": 17,
    "资产总额": "6,822,546,900.00",
    "归属于母公司所有者权益": "3,385,266,500.00",
    "资产负债率（母公司）": 0.3543,
    "资产负债率（合并）": null,
    "营业收入": "1,010,445,500.00",
    "净利润": "9,679,800.00",
    "归属于母公司所有者的净利润": "11,205,700.00",
    "扣除非经常性损益后归属于母公司所有者的净利润": "-103,333,100.00",
    "基本每股收益": "-",
    "稀释每股收益": "-",
    "加权平均净资产收益率": null,
    "经营活动产生的现金流量净额": "327,061,500.00",
    "现金分红": "-",
    "研发投入占营业收入的比例": "8.29%",
    "息税折旧摊销前利润": ""
  },
  {
    "公司名称": "2019-04-30上海硅产业集团股份有限公司科创板首次公开发行股票招股说明书（申报稿）",
    "原文链接": "http://static.sse.com.cn/stock/information/c/201904/b0dda98ef79742bc9a4715c73be4b684.pdf",
    "报告期": "2019-03-31",
    "数据期": "2017-12-31",
    "所在页": 17,
    "资产总额": "5,833,376,500.00",
    "归属于母公司所有者权益": "3,511,300,500.00",
    "资产负债率（母公司）": 0.2584,
    "资产负债率（合并）": null,
    "营业收入": "693,795,900.00",
    "净利润": "217,611,200.00",
    "归属于母公司所有者的净利润": "223,553,300.00",
    "扣除非经常性损益后归属于母公司所有者的净利润": "-99,414,500.00",
    "基本每股收益": "-",
    "稀释每股收益": "-",
    "加权平均净资产收益率": null,
    "经营活动产生的现金流量净额": "123,331,100.00",
    "现金分红": "-",
    "研发投入占营业收入的比例": "13.11%",
    "息税折旧摊销前利润": ""
  },
  {
    "公司名称": "2019-04-30上海硅产业集团股份有限公司科创板首次公开发行股票招股说明书（申报稿）",
    "原文链接": "http://static.sse.com.cn/stock/information/c/201904/b0dda98ef79742bc9a4715c73be4b684.pdf",
    "报告期": "2019-03-31",
    "数据期": "2016-12-31",
    "所在页": 17,
    "资产总额": "4,393,004,300.00",
    "归属于母公司所有者权益": "2,363,370,100.00",
    "资产负债率（母公司）": 0.1936,
    "资产负债率（合并）": null,
    "营业收入": "270,065,000.0",
    "净利润": "-91,077,500.00",
    "归属于母公司所有者的净利润": "-87,426,800.00",
    "扣除非经常性损益后归属于母公司所有者的净利润": "-90,813,200.00",
    "基本每股收益": "-",
    "稀释每股收益": "-",
    "加权平均净资产收益率": null,
    "经营活动产生的现金流量净额": "154,420,300.00",
    "现金分红": "-",
    "研发投入占营业收入的比例": "7.92%",
    "息税折旧摊销前利润": ""
  },
  {
    "公司名称": "2019-03-29哈尔滨新光光电科技股份有限公司科创板首次公开发行股票招股说明书（申报稿）",
    "原文链接": "http://static.sse.com.cn/stock/information/c/201903/5e3cce6583504d26ad5a3e0793c398b3.pdf",
    "报告期": "2019-03-31",
    "数据期": "2019-01-03",
    "所在页": 33,
    "资产总额": "",
    "归属于母公司所有者权益": "",
    "资产负债率（母公司）": null,
    "资产负债率（合并）": null,
    "营业收入": "",
    "净利润": "",
    "归属于母公司所有者的净利润": "",
    "扣除非经常性损益后归属于母公司所有者的净利润": "",
    "基本每股收益": "",
    "稀释每股收益": "",
    "加权平均净资产收益率": null,
    "经营活动产生的现金流量净额": "",
    "现金分红": "",
    "研发投入占营业收入的比例": "",
    "息税折旧摊销前利润": ""
  },
  {
    "公司名称": "2019-03-29哈尔滨新光光电科技股份有限公司科创板首次公开发行股票招股说明书（申报稿）",
    "原文链接": "http://static.sse.com.cn/stock/information/c/201903/5e3cce6583504d26ad5a3e0793c398b3.pdf",
    "报告期": "2019-03-31",
    "数据期": "2018-12-31",
    "所在页": 33,
    "资产总额": "444,025,500.00",
    "归属于母公司所有者权益": "298,004,800.00",
    "资产负债率（母公司）": 0.2988,
    "资产负债率（合并）": null,
    "营业收入": "208,409,900.00",
    "净利润": "72,636,600.00",
    "归属于母公司所有者的净利润": "72,676,100.00",
    "扣除非经常性损益后归属于母公司所有者的净利润": "65,305,100.00",
    "基本每股收益": 0.97,
    "稀释每股收益": 0.97,
    "加权平均净资产收益率": 0.1797,
    "经营活动产生的现金流量净额": "20,659,600.00",
    "现金分红": "-",
    "研发投入占营业收入的比例": "11.28%",
    "息税折旧摊销前利润": ""
  },
  {
    "公司名称": "2019-03-29哈尔滨新光光电科技股份有限公司科创板首次公开发行股票招股说明书（申报稿）",
    "原文链接": "http://static.sse.com.cn/stock/information/c/201903/5e3cce6583504d26ad5a3e0793c398b3.pdf",
    "报告期": "2019-03-31",
    "数据期": "2017-12-31",
    "所在页": 33,
    "资产总额": "724,659,600.00",
    "归属于母公司所有者权益": "414,253,500.00",
    "资产负债率（母公司）": 0.4184,
    "资产负债率（合并）": null,
    "营业收入": "182,048,900.00",
    "净利润": "40,198,000.0",
    "归属于母公司所有者的净利润": "40,198,000.0",
    "扣除非经常性损益后归属于母公司所有者的净利润": "58,209,000.0",
    "基本每股收益": 0.54,
    "稀释每股收益": 0.54,
    "加权平均净资产收益率": 0.1183,
    "经营活动产生的现金流量净额": "-74,315,500.00",
    "现金分红": "-",
    "研发投入占营业收入的比例": "9.95%",
    "息税折旧摊销前利润": ""
  },
  {
    "公司名称": "2019-03-29哈尔滨新光光电科技股份有限公司科创板首次公开发行股票招股说明书（申报稿）",
    "原文链接": "http://static.sse.com.cn/stock/information/c/201903/5e3cce6583504d26ad5a3e0793c398b3.pdf",
    "报告期": "2019-03-31",
    "数据期": "2016-12-31",
    "所在页": 33,
    "资产总额": "543,946,200.00",
    "归属于母公司所有者权益": "202,177,600.00",
    "资产负债率（母公司）": 0.6283,
    "资产负债率（合并）": null,
    "营业收入": "158,565,500.00",
    "净利润": "66,841,700.00",
    "归属于母公司所有者的净利润": "66,841,700.00",
    "扣除非经常性损益后归属于母公司所有者的净利润": "56,143,200.00",
    "基本每股收益": 0.89,
    "稀释每股收益": 0.89,
    "加权平均净资产收益率": 0.3961,
    "经营活动产生的现金流量净额": "34,579,400.00",
    "现金分红": "-",
    "研发投入占营业收入的比例": "13.38%",
    "息税折旧摊销前利润": ""
  },
  {
    "公司名称": "2019-03-27深圳市贝斯达医疗股份有限公司科创板首次公开发行股票招股说明书（申报稿）",
    "原文链接": "http://static.sse.com.cn/stock/information/c/201903/19086d7e1f2a4079b845ac06e97c35ad.pdf",
    "报告期": "2019-03-31",
    "数据期": "2019-01-03",
    "所在页": 20,
    "资产总额": "",
    "归属于母公司所有者权益": "",
    "资产负债率（母公司）": null,
    "资产负债率（合并）": null,
    "营业收入": "",
    "净利润": "",
    "归属于母公司所有者的净利润": "",
    "扣除非经常性损益后归属于母公司所有者的净利润": "",
    "基本每股收益": "",
    "稀释每股收益": "",
    "加权平均净资产收益率": null,
    "经营活动产生的现金流量净额": "",
    "现金分红": "",
    "研发投入占营业收入的比例": "",
    "息税折旧摊销前利润": ""
  },
  {
    "公司名称": "2019-03-27深圳市贝斯达医疗股份有限公司科创板首次公开发行股票招股说明书（申报稿）",
    "原文链接": "http://static.sse.com.cn/stock/information/c/201903/19086d7e1f2a4079b845ac06e97c35ad.pdf",
    "报告期": "2019-03-31",
    "数据期": "2018-12-31",
    "所在页": 20,
    "资产总额": "1,576,571,700.00",
    "归属于母公司所有者权益": "1,168,073,600.00",
    "资产负债率（母公司）": 0.2687,
    "资产负债率（合并）": 0.2591,
    "营业收入": "471,183,300.00",
    "净利润": "107,697,600.00",
    "归属于母公司所有者的净利润": "107,697,600.00",
    "扣除非经常性损益后归属于母公司所有者的净利润": "100,147,400.00",
    "基本每股收益": 0.29,
    "稀释每股收益": 0.29,
    "加权平均净资产收益率": 0.0967,
    "经营活动产生的现金流量净额": "39,486,600.00",
    "现金分红": "-",
    "研发投入占营业收入的比例": "9.5%",
    "息税折旧摊销前利润": ""
  },
  {
    "公司名称": "2019-03-27深圳市贝斯达医疗股份有限公司科创板首次公开发行股票招股说明书（申报稿）",
    "原文链接": "http://static.sse.com.cn/stock/information/c/201903/19086d7e1f2a4079b845ac06e97c35ad.pdf",
    "报告期": "2019-03-31",
    "数据期": "2017-12-31",
    "所在页": 20,
    "资产总额": "1,500,011,800.00",
    "归属于母公司所有者权益": "1,059,903,800.00",
    "资产负债率（母公司）": 0.3034,
    "资产负债率（合并）": 0.2934,
    "营业收入": "415,158,500.00",
    "净利润": "102,925,100.00",
    "归属于母公司所有者的净利润": "102,925,100.00",
    "扣除非经常性损益后归属于母公司所有者的净利润": "91,854,600.00",
    "基本每股收益": 0.29,
    "稀释每股收益": 0.29,
    "加权平均净资产收益率": 0.1094,
    "经营活动产生的现金流量净额": "47,511,300.00",
    "现金分红": "-",
    "研发投入占营业收入的比例": "6.16%",
    "息税折旧摊销前利润": ""
  },
  {
    "公司名称": "2019-03-27深圳市贝斯达医疗股份有限公司科创板首次公开发行股票招股说明书（申报稿）",
    "原文链接": "http://static.sse.com.cn/stock/information/c/201903/19086d7e1f2a4079b845ac06e97c35ad.pdf",
    "报告期": "2019-03-31",
    "数据期": "2016-12-31",
    "所在页": 20,
    "资产总额": "1,217,082,400.00",
    "归属于母公司所有者权益": "755,883,600.00",
    "资产负债率（母公司）": 0.389,
    "资产负债率（合并）": 0.3789,
    "营业收入": "356,215,400.00",
    "净利润": "93,309,200.00",
    "归属于母公司所有者的净利润": "93,309,200.00",
    "扣除非经常性损益后归属于母公司所有者的净利润": "84,550,800.00",
    "基本每股收益": 0.27,
    "稀释每股收益": 0.27,
    "加权平均净资产收益率": 0.1334,
    "经营活动产生的现金流量净额": "40,879,700.00",
    "现金分红": "-",
    "研发投入占营业收入的比例": "5.87%",
    "息税折旧摊销前利润": ""
  },
  {
    "公司名称": "2019-04-22江苏硕世生物科技股份有限公司科创板首次公开发行股票招股说明书（申报稿）",
    "原文链接": "http://static.sse.com.cn/stock/information/c/201904/9f273464c77047d8991fb0f87601ee51.pdf",
    "报告期": "2019-03-31",
    "数据期": "2019-01-03",
    "所在页": 20,
    "资产总额": "",
    "归属于母公司所有者权益": "",
    "资产负债率（母公司）": null,
    "资产负债率（合并）": null,
    "营业收入": "",
    "净利润": "",
    "归属于母公司所有者的净利润": "",
    "扣除非经常性损益后归属于母公司所有者的净利润": "",
    "基本每股收益": "",
    "稀释每股收益": "",
    "加权平均净资产收益率": null,
    "经营活动产生的现金流量净额": "",
    "现金分红": "",
    "研发投入占营业收入的比例": "",
    "息税折旧摊销前利润": ""
  },
  {
    "公司名称": "2019-04-22江苏硕世生物科技股份有限公司科创板首次公开发行股票招股说明书（申报稿）",
    "原文链接": "http://static.sse.com.cn/stock/information/c/201904/9f273464c77047d8991fb0f87601ee51.pdf",
    "报告期": "2019-03-31",
    "数据期": "2018-12-31",
    "所在页": 20,
    "资产总额": "395,564,100.00",
    "归属于母公司所有者权益": "324,099,700.00",
    "资产负债率（母公司）": 0.1794,
    "资产负债率（合并）": null,
    "营业收入": "230,700,300.00",
    "净利润": "63,824,600.00",
    "归属于母公司所有者的净利润": "63,824,600.00",
    "扣除非经常性损益后归属于母公司所有者的净利润": "55,729,200.00",
    "基本每股收益": 1.45,
    "稀释每股收益": 1.45,
    "加权平均净资产收益率": 0.2184,
    "经营活动产生的现金流量净额": "85,818,800.00",
    "现金分红": "-",
    "研发投入占营业收入的比例": "11.44%",
    "息税折旧摊销前利润": ""
  },
  {
    "公司名称": "2019-04-22江苏硕世生物科技股份有限公司科创板首次公开发行股票招股说明书（申报稿）",
    "原文链接": "http://static.sse.com.cn/stock/information/c/201904/9f273464c77047d8991fb0f87601ee51.pdf",
    "报告期": "2019-03-31",
    "数据期": "2017-12-31",
    "所在页": 20,
    "资产总额": "310,644,000.0",
    "归属于母公司所有者权益": "260,275,100.00",
    "资产负债率（母公司）": 0.1648,
    "资产负债率（合并）": null,
    "营业收入": "187,286,200.00",
    "净利润": "42,668,400.00",
    "归属于母公司所有者的净利润": "42,668,400.00",
    "扣除非经常性损益后归属于母公司所有者的净利润": "33,158,100.00",
    "基本每股收益": 0.97,
    "稀释每股收益": 0.97,
    "加权平均净资产收益率": 0.1612,
    "经营活动产生的现金流量净额": "61,591,100.00",
    "现金分红": "34,288,800.00",
    "研发投入占营业收入的比例": "11.43%",
    "息税折旧摊销前利润": ""
  },
  {
    "公司名称": "2019-04-22江苏硕世生物科技股份有限公司科创板首次公开发行股票招股说明书（申报稿）",
    "原文链接": "http://static.sse.com.cn/stock/information/c/201904/9f273464c77047d8991fb0f87601ee51.pdf",
    "报告期": "2019-03-31",
    "数据期": "2016-12-31",
    "所在页": 20,
    "资产总额": "285,989,200.00",
    "归属于母公司所有者权益": "251,895,500.00",
    "资产负债率（母公司）": 0.1192,
    "资产负债率（合并）": null,
    "营业收入": "129,142,000.0",
    "净利润": "8,360,800.00",
    "归属于母公司所有者的净利润": "8,360,800.00",
    "扣除非经常性损益后归属于母公司所有者的净利润": "21,735,600.00",
    "基本每股收益": 0.21,
    "稀释每股收益": 0.21,
    "加权平均净资产收益率": 0.0523,
    "经营活动产生的现金流量净额": "22,093,300.00",
    "现金分红": "-",
    "研发投入占营业收入的比例": "11.08%",
    "息税折旧摊销前利润": ""
  },
  {
    "公司名称": "2019-04-01博众精工科技股份有限公司科创板首次公开发行股票招股说明书（申报稿）",
    "原文链接": "http://static.sse.com.cn/stock/information/c/201904/447c131249f347c4a26ee853cbf1be86.pdf",
    "报告期": "2019-03-31",
    "数据期": "2019-01-03",
    "所在页": 42,
    "资产总额": "",
    "归属于母公司所有者权益": "",
    "资产负债率（母公司）": null,
    "资产负债率（合并）": null,
    "营业收入": "",
    "净利润": "",
    "归属于母公司所有者的净利润": "",
    "扣除非经常性损益后归属于母公司所有者的净利润": "",
    "基本每股收益": "",
    "稀释每股收益": "",
    "加权平均净资产收益率": null,
    "经营活动产生的现金流量净额": "",
    "现金分红": "",
    "研发投入占营业收入的比例": "",
    "息税折旧摊销前利润": ""
  },
  {
    "公司名称": "2019-04-01博众精工科技股份有限公司科创板首次公开发行股票招股说明书（申报稿）",
    "原文链接": "http://static.sse.com.cn/stock/information/c/201904/447c131249f347c4a26ee853cbf1be86.pdf",
    "报告期": "2019-03-31",
    "数据期": "2018-12-31",
    "所在页": 42,
    "资产总额": "2,850,059,800.00",
    "归属于母公司所有者权益": "1,113,304,600.00",
    "资产负债率（母公司）": 0.6274,
    "资产负债率（合并）": null,
    "营业收入": "2,517,512,900.00",
    "净利润": "319,759,300.00",
    "归属于母公司所有者的净利润": "323,006,300.00",
    "扣除非经常性损益后归属于母公司所有者的净利润": "306,746,400.00",
    "基本每股收益": 0.897,
    "稀释每股收益": 0.897,
    "加权平均净资产收益率": 0.3337,
    "经营活动产生的现金流量净额": "794,069,900.00",
    "现金分红": "-",
    "研发投入占营业收入的比例": "11.43%",
    "息税折旧摊销前利润": ""
  },
  {
    "公司名称": "2019-04-01博众精工科技股份有限公司科创板首次公开发行股票招股说明书（申报稿）",
    "原文链接": "http://static.sse.com.cn/stock/information/c/201904/447c131249f347c4a26ee853cbf1be86.pdf",
    "报告期": "2019-03-31",
    "数据期": "2017-12-31",
    "所在页": 42,
    "资产总额": "2,286,276,700.00",
    "归属于母公司所有者权益": "819,210,200.00",
    "资产负债率（母公司）": 0.6292,
    "资产负债率（合并）": null,
    "营业收入": "1,991,365,300.00",
    "净利润": "75,163,200.00",
    "归属于母公司所有者的净利润": "80,388,900.00",
    "扣除非经常性损益后归属于母公司所有者的净利润": "281,557,400.00",
    "基本每股收益": 0.223,
    "稀释每股收益": 0.223,
    "加权平均净资产收益率": 0.1167,
    "经营活动产生的现金流量净额": "-156,825,600.00",
    "现金分红": "300,000,000.0",
    "研发投入占营业收入的比例": "12.72%",
    "息税折旧摊销前利润": ""
  },
  {
    "公司名称": "2019-04-01博众精工科技股份有限公司科创板首次公开发行股票招股说明书（申报稿）",
    "原文链接": "http://static.sse.com.cn/stock/information/c/201904/447c131249f347c4a26ee853cbf1be86.pdf",
    "报告期": "2019-03-31",
    "数据期": "2016-12-31",
    "所在页": 42,
    "资产总额": "1,562,017,100.00",
    "归属于母公司所有者权益": "830,081,800.00",
    "资产负债率（母公司）": 0.4528,
    "资产负债率（合并）": null,
    "营业收入": "1,550,304,600.00",
    "净利润": "266,250,800.00",
    "归属于母公司所有者的净利润": "275,992,000.0",
    "扣除非经常性损益后归属于母公司所有者的净利润": "260,109,600.00",
    "基本每股收益": "-",
    "稀释每股收益": "-",
    "加权平均净资产收益率": 0.3955,
    "经营活动产生的现金流量净额": "120,746,900.00",
    "现金分红": "-",
    "研发投入占营业收入的比例": "12.72%",
    "息税折旧摊销前利润": ""
  },
  {
    "公司名称": "2019-04-04威胜信息技术股份有限公司科创板首次公开发行股票招股说明书（申报稿）",
    "原文链接": "http://static.sse.com.cn/stock/information/c/201904/48d831c848414ed8a5d490d22bae1c5b.pdf",
    "报告期": "2019-03-31",
    "数据期": "2019-01-03",
    "所在页": 39,
    "资产总额": "",
    "归属于母公司所有者权益": "",
    "资产负债率（母公司）": null,
    "资产负债率（合并）": null,
    "营业收入": "",
    "净利润": "",
    "归属于母公司所有者的净利润": "",
    "扣除非经常性损益后归属于母公司所有者的净利润": "",
    "基本每股收益": "",
    "稀释每股收益": "",
    "加权平均净资产收益率": null,
    "经营活动产生的现金流量净额": "",
    "现金分红": "",
    "研发投入占营业收入的比例": "",
    "息税折旧摊销前利润": ""
  },
  {
    "公司名称": "2019-04-04威胜信息技术股份有限公司科创板首次公开发行股票招股说明书（申报稿）",
    "原文链接": "http://static.sse.com.cn/stock/information/c/201904/48d831c848414ed8a5d490d22bae1c5b.pdf",
    "报告期": "2019-03-31",
    "数据期": "2018-12-31",
    "所在页": 39,
    "资产总额": "1,880,020,900.00",
    "归属于母公司所有者权益": "1,330,416,600.00",
    "资产负债率（母公司）": 0.2463,
    "资产负债率（合并）": null,
    "营业收入": "1,038,641,000.0",
    "净利润": "177,079,200.00",
    "归属于母公司所有者的净利润": "176,973,200.00",
    "扣除非经常性损益后归属于母公司所有者的净利润": "162,178,900.00",
    "基本每股收益": 0.39,
    "稀释每股收益": 0.39,
    "加权平均净资产收益率": 0.1306,
    "经营活动产生的现金流量净额": "239,098,900.00",
    "现金分红": "-",
    "研发投入占营业收入的比例": "7.13%",
    "息税折旧摊销前利润": ""
  },
  {
    "公司名称": "2019-04-04威胜信息技术股份有限公司科创板首次公开发行股票招股说明书（申报稿）",
    "原文链接": "http://static.sse.com.cn/stock/information/c/201904/48d831c848414ed8a5d490d22bae1c5b.pdf",
    "报告期": "2019-03-31",
    "数据期": "2017-12-31",
    "所在页": 39,
    "资产总额": "1,628,318,300.00",
    "归属于母公司所有者权益": "1,153,443,400.00",
    "资产负债率（母公司）": 0.2185,
    "资产负债率（合并）": null,
    "营业收入": "995,093,400.00",
    "净利润": "153,630,400.00",
    "归属于母公司所有者的净利润": "149,011,300.00",
    "扣除非经常性损益后归属于母公司所有者的净利润": "139,727,500.00",
    "基本每股收益": 0.34,
    "稀释每股收益": 0.34,
    "加权平均净资产收益率": 0.133,
    "经营活动产生的现金流量净额": "179,061,000.0",
    "现金分红": "170,000,000.0",
    "研发投入占营业收入的比例": "8.21%",
    "息税折旧摊销前利润": ""
  },
  {
    "公司名称": "2019-04-04威胜信息技术股份有限公司科创板首次公开发行股票招股说明书（申报稿）",
    "原文链接": "http://static.sse.com.cn/stock/information/c/201904/48d831c848414ed8a5d490d22bae1c5b.pdf",
    "报告期": "2019-03-31",
    "数据期": "2016-12-31",
    "所在页": 39,
    "资产总额": "1,460,585,400.00",
    "归属于母公司所有者权益": "810,731,100.00",
    "资产负债率（母公司）": 0.4083,
    "资产负债率（合并）": null,
    "营业收入": "680,314,300.00",
    "净利润": "80,505,000.0",
    "归属于母公司所有者的净利润": "80,505,000.0",
    "扣除非经常性损益后归属于母公司所有者的净利润": "54,542,700.00",
    "基本每股收益": 0.28,
    "稀释每股收益": 0.28,
    "加权平均净资产收益率": 0.0768,
    "经营活动产生的现金流量净额": "88,542,800.00",
    "现金分红": "97,889,500.00",
    "研发投入占营业收入的比例": "7.67%",
    "息税折旧摊销前利润": ""
  },
  {
    "公司名称": "2019-03-28杭州鸿泉物联网技术股份有限公司科创板首次公开发行股票招股说明书（申报稿）",
    "原文链接": "http://static.sse.com.cn/stock/information/c/201903/edd700ecced54b15b1301da65c19a905.pdf",
    "报告期": "2019-03-31",
    "数据期": "2019-01-03",
    "所在页": 32,
    "资产总额": "",
    "归属于母公司所有者权益": "",
    "资产负债率（母公司）": null,
    "资产负债率（合并）": null,
    "营业收入": "",
    "净利润": "",
    "归属于母公司所有者的净利润": "",
    "扣除非经常性损益后归属于母公司所有者的净利润": "",
    "基本每股收益": "",
    "稀释每股收益": "",
    "加权平均净资产收益率": null,
    "经营活动产生的现金流量净额": "",
    "现金分红": "",
    "研发投入占营业收入的比例": "",
    "息税折旧摊销前利润": ""
  },
  {
    "公司名称": "2019-03-28杭州鸿泉物联网技术股份有限公司科创板首次公开发行股票招股说明书（申报稿）",
    "原文链接": "http://static.sse.com.cn/stock/information/c/201903/edd700ecced54b15b1301da65c19a905.pdf",
    "报告期": "2019-03-31",
    "数据期": "2018-12-31",
    "所在页": 32,
    "资产总额": "306,681,700.00",
    "归属于母公司所有者权益": "250,933,300.00",
    "资产负债率（母公司）": 0.1653,
    "资产负债率（合并）": null,
    "营业收入": "247,902,300.00",
    "净利润": "57,118,700.00",
    "归属于母公司所有者的净利润": "57,118,700.00",
    "扣除非经常性损益后归属于母公司所有者的净利润": "54,024,100.00",
    "基本每股收益": 0.77,
    "稀释每股收益": 0.77,
    "加权平均净资产收益率": 0.263,
    "经营活动产生的现金流量净额": "36,205,100.00",
    "现金分红": "-",
    "研发投入占营业收入的比例": "15.98%",
    "息税折旧摊销前利润": ""
  },
  {
    "公司名称": "2019-03-28杭州鸿泉物联网技术股份有限公司科创板首次公开发行股票招股说明书（申报稿）",
    "原文链接": "http://static.sse.com.cn/stock/information/c/201903/edd700ecced54b15b1301da65c19a905.pdf",
    "报告期": "2019-03-31",
    "数据期": "2017-12-31",
    "所在页": 32,
    "资产总额": "253,148,700.00",
    "归属于母公司所有者权益": "136,395,600.00",
    "资产负债率（母公司）": 0.4488,
    "资产负债率（合并）": null,
    "营业收入": "270,714,500.00",
    "净利润": "47,795,700.00",
    "归属于母公司所有者的净利润": "47,795,700.00",
    "扣除非经常性损益后归属于母公司所有者的净利润": "65,434,200.00",
    "基本每股收益": 0.7,
    "稀释每股收益": 0.7,
    "加权平均净资产收益率": 0.3911,
    "经营活动产生的现金流量净额": "17,426,700.00",
    "现金分红": "30,000,000.0",
    "研发投入占营业收入的比例": "14.13%",
    "息税折旧摊销前利润": ""
  },
  {
    "公司名称": "2019-03-28杭州鸿泉物联网技术股份有限公司科创板首次公开发行股票招股说明书（申报稿）",
    "原文链接": "http://static.sse.com.cn/stock/information/c/201903/edd700ecced54b15b1301da65c19a905.pdf",
    "报告期": "2019-03-31",
    "数据期": "2016-12-31",
    "所在页": 32,
    "资产总额": "165,843,300.00",
    "归属于母公司所有者权益": "92,271,200.00",
    "资产负债率（母公司）": 0.4325,
    "资产负债率（合并）": null,
    "营业收入": "152,176,900.00",
    "净利润": "32,271,600.00",
    "归属于母公司所有者的净利润": "32,318,200.00",
    "扣除非经常性损益后归属于母公司所有者的净利润": "31,526,600.00",
    "基本每股收益": "-",
    "稀释每股收益": "-",
    "加权平均净资产收益率": 0.4733,
    "经营活动产生的现金流量净额": "16,800,100.00",
    "现金分红": "10,000,000.0",
    "研发投入占营业收入的比例": "11.54%",
    "息税折旧摊销前利润": ""
  },
  {
    "公司名称": "2019-04-29山东奥福环保科技股份有限公司科创板首次公开发行股票招股说明书（申报稿）",
    "原文链接": "http://static.sse.com.cn/stock/information/c/201904/b2882a774b30476689e6e03fe051b5d1.pdf",
    "报告期": "2019-03-31",
    "数据期": "2019-01-03",
    "所在页": 17,
    "资产总额": "",
    "归属于母公司所有者权益": "",
    "资产负债率（母公司）": null,
    "资产负债率（合并）": null,
    "营业收入": "",
    "净利润": "",
    "归属于母公司所有者的净利润": "",
    "扣除非经常性损益后归属于母公司所有者的净利润": "",
    "基本每股收益": "",
    "稀释每股收益": "",
    "加权平均净资产收益率": null,
    "经营活动产生的现金流量净额": "",
    "现金分红": "",
    "研发投入占营业收入的比例": "",
    "息税折旧摊销前利润": ""
  },
  {
    "公司名称": "2019-04-29山东奥福环保科技股份有限公司科创板首次公开发行股票招股说明书（申报稿）",
    "原文链接": "http://static.sse.com.cn/stock/information/c/201904/b2882a774b30476689e6e03fe051b5d1.pdf",
    "报告期": "2019-03-31",
    "数据期": "2018-12-31",
    "所在页": 17,
    "资产总额": "523,559,000.0",
    "归属于母公司所有者权益": "322,952,300.00",
    "资产负债率（母公司）": 0.278,
    "资产负债率（合并）": null,
    "营业收入": "248,272,100.00",
    "净利润": "46,798,900.00",
    "归属于母公司所有者的净利润": "46,796,300.00",
    "扣除非经常性损益后归属于母公司所有者的净利润": "",
    "基本每股收益": 0.8169,
    "稀释每股收益": 0.8169,
    "加权平均净资产收益率": 0.154,
    "经营活动产生的现金流量净额": "-1,395,600.00",
    "现金分红": "8,592,500.00",
    "研发投入占营业收入的比例": "6.52%",
    "息税折旧摊销前利润": ""
  },
  {
    "公司名称": "2019-04-29山东奥福环保科技股份有限公司科创板首次公开发行股票招股说明书（申报稿）",
    "原文链接": "http://static.sse.com.cn/stock/information/c/201904/b2882a774b30476689e6e03fe051b5d1.pdf",
    "报告期": "2019-03-31",
    "数据期": "2017-12-31",
    "所在页": 17,
    "资产总额": "452,703,400.00",
    "归属于母公司所有者权益": "284,786,900.00",
    "资产负债率（母公司）": 0.2523,
    "资产负债率（合并）": null,
    "营业收入": "196,117,100.00",
    "净利润": "55,880,800.00",
    "归属于母公司所有者的净利润": "55,921,700.00",
    "扣除非经常性损益后归属于母公司所有者的净利润": "",
    "基本每股收益": 1.0349,
    "稀释每股收益": 1.0349,
    "加权平均净资产收益率": 0.2836,
    "经营活动产生的现金流量净额": "-6,916,600.00",
    "现金分红": "-",
    "研发投入占营业收入的比例": "6.01%",
    "息税折旧摊销前利润": ""
  },
  {
    "公司名称": "2019-04-29山东奥福环保科技股份有限公司科创板首次公开发行股票招股说明书（申报稿）",
    "原文链接": "http://static.sse.com.cn/stock/information/c/201904/b2882a774b30476689e6e03fe051b5d1.pdf",
    "报告期": "2019-03-31",
    "数据期": "2016-12-31",
    "所在页": 17,
    "资产总额": "313,167,000.0",
    "归属于母公司所有者权益": "152,555,200.00",
    "资产负债率（母公司）": 0.4481,
    "资产负债率（合并）": null,
    "营业收入": "92,868,700.00",
    "净利润": "6,135,200.00",
    "归属于母公司所有者的净利润": "6,135,200.00",
    "扣除非经常性损益后归属于母公司所有者的净利润": "",
    "基本每股收益": 0.1155,
    "稀释每股收益": 0.1155,
    "加权平均净资产收益率": 0.041,
    "经营活动产生的现金流量净额": "-12,846,400.00",
    "现金分红": "-",
    "研发投入占营业收入的比例": "8.09%",
    "息税折旧摊销前利润": ""
  },
  {
    "公司名称": "2019-04-12北京沃尔德金刚石工具股份有限公司科创板首次公开发行股票招股说明书（申报稿）",
    "原文链接": "http://static.sse.com.cn/stock/information/c/201904/8077a756d3fd4ee5865c9141f0bbb12b.pdf",
    "报告期": "2019-03-31",
    "数据期": "2019-01-03",
    "所在页": 38,
    "资产总额": "",
    "归属于母公司所有者权益": "",
    "资产负债率（母公司）": null,
    "资产负债率（合并）": null,
    "营业收入": "",
    "净利润": "",
    "归属于母公司所有者的净利润": "",
    "扣除非经常性损益后归属于母公司所有者的净利润": "",
    "基本每股收益": "",
    "稀释每股收益": "",
    "加权平均净资产收益率": null,
    "经营活动产生的现金流量净额": "",
    "现金分红": "",
    "研发投入占营业收入的比例": "",
    "息税折旧摊销前利润": ""
  },
  {
    "公司名称": "2019-04-12北京沃尔德金刚石工具股份有限公司科创板首次公开发行股票招股说明书（申报稿）",
    "原文链接": "http://static.sse.com.cn/stock/information/c/201904/8077a756d3fd4ee5865c9141f0bbb12b.pdf",
    "报告期": "2019-03-31",
    "数据期": "2018-12-31",
    "所在页": 38,
    "资产总额": "381,168,100.00",
    "归属于母公司所有者权益": "345,642,800.00",
    "资产负债率（母公司）": 0.0857,
    "资产负债率（合并）": null,
    "营业收入": "262,249,200.00",
    "净利润": "66,297,900.00",
    "归属于母公司所有者的净利润": "66,297,900.00",
    "扣除非经常性损益后归属于母公司所有者的净利润": "62,553,100.00",
    "基本每股收益": 1.1,
    "稀释每股收益": 1.1,
    "加权平均净资产收益率": 0.2053,
    "经营活动产生的现金流量净额": "63,557,300.00",
    "现金分红": "9,960,000.0",
    "研发投入占营业收入的比例": "6.35%",
    "息税折旧摊销前利润": ""
  },
  {
    "公司名称": "2019-04-12北京沃尔德金刚石工具股份有限公司科创板首次公开发行股票招股说明书（申报稿）",
    "原文链接": "http://static.sse.com.cn/stock/information/c/201904/8077a756d3fd4ee5865c9141f0bbb12b.pdf",
    "报告期": "2019-03-31",
    "数据期": "2017-12-31",
    "所在页": 38,
    "资产总额": "336,449,600.00",
    "归属于母公司所有者权益": "300,344,900.00",
    "资产负债率（母公司）": 0.0809,
    "资产负债率（合并）": null,
    "营业收入": "233,464,400.00",
    "净利润": "58,141,200.00",
    "归属于母公司所有者的净利润": "58,141,200.00",
    "扣除非经常性损益后归属于母公司所有者的净利润": "58,223,800.00",
    "基本每股收益": 0.97,
    "稀释每股收益": 0.97,
    "加权平均净资产收益率": 0.2104,
    "经营活动产生的现金流量净额": "58,866,100.00",
    "现金分红": "21,000,000.0",
    "研发投入占营业收入的比例": "6.13%",
    "息税折旧摊销前利润": ""
  },
  {
    "公司名称": "2019-04-12北京沃尔德金刚石工具股份有限公司科创板首次公开发行股票招股说明书（申报稿）",
    "原文链接": "http://static.sse.com.cn/stock/information/c/201904/8077a756d3fd4ee5865c9141f0bbb12b.pdf",
    "报告期": "2019-03-31",
    "数据期": "2016-12-31",
    "所在页": 38,
    "资产总额": "286,226,900.00",
    "归属于母公司所有者权益": "254,203,700.00",
    "资产负债率（母公司）": 0.0979,
    "资产负债率（合并）": null,
    "营业收入": "174,723,500.00",
    "净利润": "42,086,900.00",
    "归属于母公司所有者的净利润": "42,086,900.00",
    "扣除非经常性损益后归属于母公司所有者的净利润": "39,992,800.00",
    "基本每股收益": 0.7,
    "稀释每股收益": 0.7,
    "加权平均净资产收益率": 0.1775,
    "经营活动产生的现金流量净额": "46,159,200.00",
    "现金分红": "12,000,000.0",
    "研发投入占营业收入的比例": "7.7%",
    "息税折旧摊销前利润": ""
  },
  {
    "公司名称": "2019-04-11上海微创心脉医疗科技股份有限公司科创板首次公开发行股票招股说明书（申报稿）",
    "原文链接": "http://static.sse.com.cn/stock/information/c/201904/57ee7f0de5174a4d8797a65faf3cce2e.pdf",
    "报告期": "2019-03-31",
    "数据期": "2019-01-03",
    "所在页": 39,
    "资产总额": "",
    "归属于母公司所有者权益": "",
    "资产负债率（母公司）": null,
    "资产负债率（合并）": null,
    "营业收入": "",
    "净利润": "",
    "归属于母公司所有者的净利润": "",
    "扣除非经常性损益后归属于母公司所有者的净利润": "",
    "基本每股收益": "",
    "稀释每股收益": "",
    "加权平均净资产收益率": null,
    "经营活动产生的现金流量净额": "",
    "现金分红": "",
    "研发投入占营业收入的比例": "",
    "息税折旧摊销前利润": ""
  },
  {
    "公司名称": "2019-04-11上海微创心脉医疗科技股份有限公司科创板首次公开发行股票招股说明书（申报稿）",
    "原文链接": "http://static.sse.com.cn/stock/information/c/201904/57ee7f0de5174a4d8797a65faf3cce2e.pdf",
    "报告期": "2019-03-31",
    "数据期": "2018-12-31",
    "所在页": 39,
    "资产总额": "268,816,300.00",
    "归属于母公司所有者权益": "216,155,200.00",
    "资产负债率（母公司）": null,
    "资产负债率（合并）": 0.1959,
    "营业收入": "231,127,500.00",
    "净利润": "90,647,900.00",
    "归属于母公司所有者的净利润": "90,647,900.00",
    "扣除非经常性损益后归属于母公司所有者的净利润": "83,718,600.00",
    "基本每股收益": 1.68,
    "稀释每股收益": 1.68,
    "加权平均净资产收益率": 0.5015,
    "经营活动产生的现金流量净额": "106,851,800.00",
    "现金分红": "64,000,000.0",
    "研发投入占营业收入的比例": "20.71%",
    "息税折旧摊销前利润": ""
  },
  {
    "公司名称": "2019-04-11上海微创心脉医疗科技股份有限公司科创板首次公开发行股票招股说明书（申报稿）",
    "原文链接": "http://static.sse.com.cn/stock/information/c/201904/57ee7f0de5174a4d8797a65faf3cce2e.pdf",
    "报告期": "2019-03-31",
    "数据期": "2017-12-31",
    "所在页": 39,
    "资产总额": "224,261,600.00",
    "归属于母公司所有者权益": "188,016,700.00",
    "资产负债率（母公司）": null,
    "资产负债率（合并）": 0.1616,
    "营业收入": "165,134,800.00",
    "净利润": "63,386,200.00",
    "归属于母公司所有者的净利润": "63,386,200.00",
    "扣除非经常性损益后归属于母公司所有者的净利润": "62,219,100.00",
    "基本每股收益": "不适用",
    "稀释每股收益": "不适用",
    "加权平均净资产收益率": 0.4071,
    "经营活动产生的现金流量净额": "69,355,300.00",
    "现金分红": "-",
    "研发投入占营业收入的比例": "27.27%",
    "息税折旧摊销前利润": ""
  },
  {
    "公司名称": "2019-04-11上海微创心脉医疗科技股份有限公司科创板首次公开发行股票招股说明书（申报稿）",
    "原文链接": "http://static.sse.com.cn/stock/information/c/201904/57ee7f0de5174a4d8797a65faf3cce2e.pdf",
    "报告期": "2019-03-31",
    "数据期": "2016-12-31",
    "所在页": 39,
    "资产总额": "188,596,200.00",
    "归属于母公司所有者权益": "123,377,800.00",
    "资产负债率（母公司）": null,
    "资产负债率（合并）": 0.3458,
    "营业收入": "125,326,700.00",
    "净利润": "41,113,800.00",
    "归属于母公司所有者的净利润": "41,113,800.00",
    "扣除非经常性损益后归属于母公司所有者的净利润": "38,593,900.00",
    "基本每股收益": "不适用",
    "稀释每股收益": "不适用",
    "加权平均净资产收益率": 0.4891,
    "经营活动产生的现金流量净额": "30,134,900.00",
    "现金分红": "30,000,000.0",
    "研发投入占营业收入的比例": "32.85%",
    "息税折旧摊销前利润": ""
  },
  {
    "公司名称": "2019-04-02上海晶丰明源半导体股份有限公司科创板首次公开发行股票招股说明书（申报稿）",
    "原文链接": "http://static.sse.com.cn/stock/information/c/201904/e75eadf8a6fd4105a3797be99b53a065.pdf",
    "报告期": "2019-03-31",
    "数据期": "2019-01-03",
    "所在页": 38,
    "资产总额": "",
    "归属于母公司所有者权益": "",
    "资产负债率（母公司）": null,
    "资产负债率（合并）": null,
    "营业收入": "",
    "净利润": "",
    "归属于母公司所有者的净利润": "",
    "扣除非经常性损益后归属于母公司所有者的净利润": "",
    "基本每股收益": "",
    "稀释每股收益": "",
    "加权平均净资产收益率": null,
    "经营活动产生的现金流量净额": "",
    "现金分红": "",
    "研发投入占营业收入的比例": "",
    "息税折旧摊销前利润": ""
  },
  {
    "公司名称": "2019-04-02上海晶丰明源半导体股份有限公司科创板首次公开发行股票招股说明书（申报稿）",
    "原文链接": "http://static.sse.com.cn/stock/information/c/201904/e75eadf8a6fd4105a3797be99b53a065.pdf",
    "报告期": "2019-03-31",
    "数据期": "2018-12-31",
    "所在页": 38,
    "资产总额": "392,011,700.00",
    "归属于母公司所有者权益": "252,566,100.00",
    "资产负债率（母公司）": 0.3543,
    "资产负债率（合并）": null,
    "营业收入": "766,591,200.00",
    "净利润": "81,331,100.00",
    "归属于母公司所有者的净利润": "81,331,100.00",
    "扣除非经常性损益后归属于母公司所有者的净利润": "74,449,500.00",
    "基本每股收益": 1.76,
    "稀释每股收益": 1.76,
    "加权平均净资产收益率": 0.3452,
    "经营活动产生的现金流量净额": 37009900,
    "现金分红": "36,960,000.0",
    "研发投入占营业收入的比例": "7.93%",
    "息税折旧摊销前利润": ""
  },
  {
    "公司名称": "2019-04-02上海晶丰明源半导体股份有限公司科创板首次公开发行股票招股说明书（申报稿）",
    "原文链接": "http://static.sse.com.cn/stock/information/c/201904/e75eadf8a6fd4105a3797be99b53a065.pdf",
    "报告期": "2019-03-31",
    "数据期": "2017-12-31",
    "所在页": 38,
    "资产总额": "366,664,500.00",
    "归属于母公司所有者权益": "208,152,600.00",
    "资产负债率（母公司）": 0.432,
    "资产负债率（合并）": null,
    "营业收入": "694,378,500.00",
    "净利润": "76,115,900.00",
    "归属于母公司所有者的净利润": "76,115,900.00",
    "扣除非经常性损益后归属于母公司所有者的净利润": "62,346,000.0",
    "基本每股收益": 1.66,
    "稀释每股收益": 1.66,
    "加权平均净资产收益率": 0.481,
    "经营活动产生的现金流量净额": -6600700,
    "现金分红": "-",
    "研发投入占营业收入的比例": "7.56%",
    "息税折旧摊销前利润": ""
  },
  {
    "公司名称": "2019-04-02上海晶丰明源半导体股份有限公司科创板首次公开发行股票招股说明书（申报稿）",
    "原文链接": "http://static.sse.com.cn/stock/information/c/201904/e75eadf8a6fd4105a3797be99b53a065.pdf",
    "报告期": "2019-03-31",
    "数据期": "2016-12-31",
    "所在页": 38,
    "资产总额": "277,581,600.00",
    "归属于母公司所有者权益": "99,329,700.00",
    "资产负债率（母公司）": 0.6416,
    "资产负债率（合并）": null,
    "营业收入": "567,493,300.00",
    "净利润": "29,915,300.00",
    "归属于母公司所有者的净利润": "29,915,300.00",
    "扣除非经常性损益后归属于母公司所有者的净利润": "28,763,800.00",
    "基本每股收益": 0.9,
    "稀释每股收益": 0.9,
    "加权平均净资产收益率": 0.1908,
    "经营活动产生的现金流量净额": 79733000,
    "现金分红": "143,840,800.00",
    "研发投入占营业收入的比例": "8.06%",
    "息税折旧摊销前利润": ""
  },
  {
    "公司名称": "2019-04-10江苏卓易信息科技股份有限公司科创板首次公开发行股票招股说明书（申报稿）",
    "原文链接": "http://static.sse.com.cn/stock/information/c/201904/2618fb749b6447ac9cbffe233eb11f1b.pdf",
    "报告期": "2019-03-31",
    "数据期": "2019-01-03",
    "所在页": 21,
    "资产总额": "",
    "归属于母公司所有者权益": "",
    "资产负债率（母公司）": null,
    "资产负债率（合并）": null,
    "营业收入": "",
    "净利润": "",
    "归属于母公司所有者的净利润": "",
    "扣除非经常性损益后归属于母公司所有者的净利润": "",
    "基本每股收益": "",
    "稀释每股收益": "",
    "加权平均净资产收益率": null,
    "经营活动产生的现金流量净额": "",
    "现金分红": "",
    "研发投入占营业收入的比例": "",
    "息税折旧摊销前利润": ""
  },
  {
    "公司名称": "2019-04-10江苏卓易信息科技股份有限公司科创板首次公开发行股票招股说明书（申报稿）",
    "原文链接": "http://static.sse.com.cn/stock/information/c/201904/2618fb749b6447ac9cbffe233eb11f1b.pdf",
    "报告期": "2019-03-31",
    "数据期": "2018-12-31",
    "所在页": 21,
    "资产总额": "358,493,500.00",
    "归属于母公司所有者权益": "294,277,400.00",
    "资产负债率（母公司）": 0.2469,
    "资产负债率（合并）": 0.1791,
    "营业收入": "175,694,000.0",
    "净利润": "51,577,800.00",
    "归属于母公司所有者的净利润": "51,577,800.00",
    "扣除非经常性损益后归属于母公司所有者的净利润": "42,457,400.00",
    "基本每股收益": 0.79,
    "稀释每股收益": 0.79,
    "加权平均净资产收益率": 0.1921,
    "经营活动产生的现金流量净额": "25,978,600.00",
    "现金分红": "-",
    "研发投入占营业收入的比例": "11.61%",
    "息税折旧摊销前利润": ""
  },
  {
    "公司名称": "2019-04-10江苏卓易信息科技股份有限公司科创板首次公开发行股票招股说明书（申报稿）",
    "原文链接": "http://static.sse.com.cn/stock/information/c/201904/2618fb749b6447ac9cbffe233eb11f1b.pdf",
    "报告期": "2019-03-31",
    "数据期": "2017-12-31",
    "所在页": 21,
    "资产总额": "299,978,000.0",
    "归属于母公司所有者权益": "242,699,600.00",
    "资产负债率（母公司）": 0.2087,
    "资产负债率（合并）": 0.1909,
    "营业收入": "152,356,600.00",
    "净利润": "33,073,300.00",
    "归属于母公司所有者的净利润": "33,073,300.00",
    "扣除非经常性损益后归属于母公司所有者的净利润": "28,964,400.00",
    "基本每股收益": 0.51,
    "稀释每股收益": 0.51,
    "加权平均净资产收益率": 0.1462,
    "经营活动产生的现金流量净额": "37,985,200.00",
    "现金分红": "-",
    "研发投入占营业收入的比例": "10.17%",
    "息税折旧摊销前利润": ""
  },
  {
    "公司名称": "2019-04-10江苏卓易信息科技股份有限公司科创板首次公开发行股票招股说明书（申报稿）",
    "原文链接": "http://static.sse.com.cn/stock/information/c/201904/2618fb749b6447ac9cbffe233eb11f1b.pdf",
    "报告期": "2019-03-31",
    "数据期": "2016-12-31",
    "所在页": 21,
    "资产总额": "285,122,600.00",
    "归属于母公司所有者权益": "209,626,300.00",
    "资产负债率（母公司）": 0.3661,
    "资产负债率（合并）": 0.2648,
    "营业收入": "119,816,500.00",
    "净利润": "28,624,000.0",
    "归属于母公司所有者的净利润": "28,624,000.0",
    "扣除非经常性损益后归属于母公司所有者的净利润": "27,349,900.00",
    "基本每股收益": 0.44,
    "稀释每股收益": 0.44,
    "加权平均净资产收益率": 0.1484,
    "经营活动产生的现金流量净额": "27,035,700.00",
    "现金分红": "-",
    "研发投入占营业收入的比例": "10.34%",
    "息税折旧摊销前利润": ""
  },
  {
    "公司名称": "2019-05-10迈得医疗工业设备股份有限公司科创板首次公开发行股票招股说明书（申报稿）",
    "原文链接": "http://static.sse.com.cn/stock/information/c/201905/0cccb171b5774a2983f91a7bc18e2ce7.pdf",
    "报告期": "2019-03-31",
    "数据期": "2019-01-03",
    "所在页": 22,
    "资产总额": "",
    "归属于母公司所有者权益": "",
    "资产负债率（母公司）": null,
    "资产负债率（合并）": null,
    "营业收入": "",
    "净利润": "",
    "归属于母公司所有者的净利润": "",
    "扣除非经常性损益后归属于母公司所有者的净利润": "",
    "基本每股收益": "",
    "稀释每股收益": "",
    "加权平均净资产收益率": null,
    "经营活动产生的现金流量净额": "",
    "现金分红": "",
    "研发投入占营业收入的比例": "",
    "息税折旧摊销前利润": ""
  },
  {
    "公司名称": "2019-05-10迈得医疗工业设备股份有限公司科创板首次公开发行股票招股说明书（申报稿）",
    "原文链接": "http://static.sse.com.cn/stock/information/c/201905/0cccb171b5774a2983f91a7bc18e2ce7.pdf",
    "报告期": "2019-03-31",
    "数据期": "2018-12-31",
    "所在页": 22,
    "资产总额": "328,925,700.00",
    "归属于母公司所有者权益": "253,348,600.00",
    "资产负债率（母公司）": 0.225,
    "资产负债率（合并）": null,
    "营业收入": "214,895,700.00",
    "净利润": "55,652,500.00",
    "归属于母公司所有者的净利润": "56,010,100.00",
    "扣除非经常性损益后归属于母公司所有者的净利润": "49,094,200.00",
    "基本每股收益": 0.89,
    "稀释每股收益": 0.89,
    "加权平均净资产收益率": 0.2402,
    "经营活动产生的现金流量净额": "31,143,600.00",
    "现金分红": "31,350,000.0",
    "研发投入占营业收入的比例": "9.04%",
    "息税折旧摊销前利润": ""
  },
  {
    "公司名称": "2019-05-10迈得医疗工业设备股份有限公司科创板首次公开发行股票招股说明书（申报稿）",
    "原文链接": "http://static.sse.com.cn/stock/information/c/201905/0cccb171b5774a2983f91a7bc18e2ce7.pdf",
    "报告期": "2019-03-31",
    "数据期": "2017-12-31",
    "所在页": 22,
    "资产总额": "283,333,100.00",
    "归属于母公司所有者权益": "228,699,300.00",
    "资产负债率（母公司）": 0.1903,
    "资产负债率（合并）": null,
    "营业收入": "173,389,000.0",
    "净利润": "55,840,400.00",
    "归属于母公司所有者的净利润": "55,840,400.00",
    "扣除非经常性损益后归属于母公司所有者的净利润": "47,788,800.00",
    "基本每股收益": 0.89,
    "稀释每股收益": 0.89,
    "加权平均净资产收益率": 0.2782,
    "经营活动产生的现金流量净额": "72,018,800.00",
    "现金分红": "-",
    "研发投入占营业收入的比例": "7.97%",
    "息税折旧摊销前利润": ""
  },
  {
    "公司名称": "2019-05-10迈得医疗工业设备股份有限公司科创板首次公开发行股票招股说明书（申报稿）",
    "原文链接": "http://static.sse.com.cn/stock/information/c/201905/0cccb171b5774a2983f91a7bc18e2ce7.pdf",
    "报告期": "2019-03-31",
    "数据期": "2016-12-31",
    "所在页": 22,
    "资产总额": "229,636,500.00",
    "归属于母公司所有者权益": "172,670,700.00",
    "资产负债率（母公司）": 0.2485,
    "资产负债率（合并）": null,
    "营业收入": "139,430,600.00",
    "净利润": "23,396,900.00",
    "归属于母公司所有者的净利润": "23,396,900.00",
    "扣除非经常性损益后归属于母公司所有者的净利润": "30,924,100.00",
    "基本每股收益": 0.38,
    "稀释每股收益": 0.38,
    "加权平均净资产收益率": 0.1436,
    "经营活动产生的现金流量净额": "40,311,500.00",
    "现金分红": "51,000,000.0",
    "研发投入占营业收入的比例": "9.82%",
    "息税折旧摊销前利润": ""
  },
  {
    "公司名称": "2019-04-03广东紫晶信息存储技术股份有限公司科创板首次公开发行股票招股说明书（申报稿）",
    "原文链接": "http://static.sse.com.cn/stock/information/c/201904/84d0611471294517adebca7337206293.pdf",
    "报告期": "2019-03-31",
    "数据期": "2019-01-03",
    "所在页": 29,
    "资产总额": "",
    "归属于母公司所有者权益": "",
    "资产负债率（母公司）": null,
    "资产负债率（合并）": null,
    "营业收入": "",
    "净利润": "",
    "归属于母公司所有者的净利润": "",
    "扣除非经常性损益后归属于母公司所有者的净利润": "",
    "基本每股收益": "",
    "稀释每股收益": "",
    "加权平均净资产收益率": null,
    "经营活动产生的现金流量净额": "",
    "现金分红": "",
    "研发投入占营业收入的比例": "",
    "息税折旧摊销前利润": ""
  },
  {
    "公司名称": "2019-04-03广东紫晶信息存储技术股份有限公司科创板首次公开发行股票招股说明书（申报稿）",
    "原文链接": "http://static.sse.com.cn/stock/information/c/201904/84d0611471294517adebca7337206293.pdf",
    "报告期": "2019-03-31",
    "数据期": "2018-12-31",
    "所在页": 29,
    "资产总额": "1,140,210,600.00",
    "归属于母公司所有者权益": "769,646,100.00",
    "资产负债率（母公司）": 0.3618,
    "资产负债率（合并）": null,
    "营业收入": "401,596,300.00",
    "净利润": "104,931,200.00",
    "归属于母公司所有者的净利润": "104,931,200.00",
    "扣除非经常性损益后归属于母公司所有者的净利润": "102,413,400.00",
    "基本每股收益": 0.88,
    "稀释每股收益": "-",
    "加权平均净资产收益率": 0.2154,
    "经营活动产生的现金流量净额": "10,327,000.0",
    "现金分红": "-",
    "研发投入占营业收入的比例": "6.98%",
    "息税折旧摊销前利润": ""
  },
  {
    "公司名称": "2019-04-03广东紫晶信息存储技术股份有限公司科创板首次公开发行股票招股说明书（申报稿）",
    "原文链接": "http://static.sse.com.cn/stock/information/c/201904/84d0611471294517adebca7337206293.pdf",
    "报告期": "2019-03-31",
    "数据期": "2017-12-31",
    "所在页": 29,
    "资产总额": "596,449,200.00",
    "归属于母公司所有者权益": "434,663,500.00",
    "资产负债率（母公司）": 0.3248,
    "资产负债率（合并）": null,
    "营业收入": "312,924,900.00",
    "净利润": "53,638,500.00",
    "归属于母公司所有者的净利润": "53,638,500.00",
    "扣除非经常性损益后归属于母公司所有者的净利润": "46,007,500.00",
    "基本每股收益": 0.48,
    "稀释每股收益": "-",
    "加权平均净资产收益率": 0.1515,
    "经营活动产生的现金流量净额": "-8,166,200.00",
    "现金分红": "-",
    "研发投入占营业收入的比例": "6.7%",
    "息税折旧摊销前利润": ""
  },
  {
    "公司名称": "2019-04-03广东紫晶信息存储技术股份有限公司科创板首次公开发行股票招股说明书（申报稿）",
    "原文链接": "http://static.sse.com.cn/stock/information/c/201904/84d0611471294517adebca7337206293.pdf",
    "报告期": "2019-03-31",
    "数据期": "2016-12-31",
    "所在页": 29,
    "资产总额": "428,507,300.00",
    "归属于母公司所有者权益": "219,433,200.00",
    "资产负债率（母公司）": 0.5079,
    "资产负债率（合并）": null,
    "营业收入": "149,384,300.00",
    "净利润": "33,078,300.00",
    "归属于母公司所有者的净利润": "33,078,300.00",
    "扣除非经常性损益后归属于母公司所有者的净利润": "31,300,500.00",
    "基本每股收益": 0.36,
    "稀释每股收益": "-",
    "加权平均净资产收益率": 0.1772,
    "经营活动产生的现金流量净额": "-9,716,400.00",
    "现金分红": "-",
    "研发投入占营业收入的比例": "6.89%",
    "息税折旧摊销前利润": ""
  },
  {
    "公司名称": "2019-04-10广州方邦电子股份有限公司科创板首次公开发行股票招股说明书（申报稿）",
    "原文链接": "http://static.sse.com.cn/stock/information/c/201904/e35a9679e4d54863844ce5d1a1a2349b.pdf",
    "报告期": "2019-03-31",
    "数据期": "2019-01-03",
    "所在页": 18,
    "资产总额": "",
    "归属于母公司所有者权益": "",
    "资产负债率（母公司）": null,
    "资产负债率（合并）": null,
    "营业收入": "",
    "净利润": "",
    "归属于母公司所有者的净利润": "",
    "扣除非经常性损益后归属于母公司所有者的净利润": "",
    "基本每股收益": "",
    "稀释每股收益": "",
    "加权平均净资产收益率": null,
    "经营活动产生的现金流量净额": "",
    "现金分红": "",
    "研发投入占营业收入的比例": "",
    "息税折旧摊销前利润": ""
  },
  {
    "公司名称": "2019-04-10广州方邦电子股份有限公司科创板首次公开发行股票招股说明书（申报稿）",
    "原文链接": "http://static.sse.com.cn/stock/information/c/201904/e35a9679e4d54863844ce5d1a1a2349b.pdf",
    "报告期": "2019-03-31",
    "数据期": "2018-12-31",
    "所在页": 18,
    "资产总额": "452,580,100.00",
    "归属于母公司所有者权益": "414,854,500.00",
    "资产负债率（母公司）": 0.1049,
    "资产负债率（合并）": null,
    "营业收入": "274,707,400.00",
    "净利润": "122,970,300.00",
    "归属于母公司所有者的净利润": "117,155,300.00",
    "扣除非经常性损益后归属于母公司所有者的净利润": "",
    "基本每股收益": 1.95,
    "稀释每股收益": 1.95,
    "加权平均净资产收益率": 0.3108,
    "经营活动产生的现金流量净额": "125,392,500.00",
    "现金分红": "49,500,000.0",
    "研发投入占营业收入的比例": "7.88%",
    "息税折旧摊销前利润": ""
  },
  {
    "公司名称": "2019-04-10广州方邦电子股份有限公司科创板首次公开发行股票招股说明书（申报稿）",
    "原文链接": "http://static.sse.com.cn/stock/information/c/201904/e35a9679e4d54863844ce5d1a1a2349b.pdf",
    "报告期": "2019-03-31",
    "数据期": "2017-12-31",
    "所在页": 18,
    "资产总额": "377,803,500.00",
    "归属于母公司所有者权益": "347,199,300.00",
    "资产负债率（母公司）": 0.1009,
    "资产负债率（合并）": null,
    "营业收入": "226,254,500.00",
    "净利润": "100,255,100.00",
    "归属于母公司所有者的净利润": "96,291,100.00",
    "扣除非经常性损益后归属于母公司所有者的净利润": "",
    "基本每股收益": 1.6,
    "稀释每股收益": 1.6,
    "加权平均净资产收益率": 0.322,
    "经营活动产生的现金流量净额": "75,989,300.00",
    "现金分红": "-",
    "研发投入占营业收入的比例": "8.59%",
    "息税折旧摊销前利润": ""
  },
  {
    "公司名称": "2019-04-10广州方邦电子股份有限公司科创板首次公开发行股票招股说明书（申报稿）",
    "原文链接": "http://static.sse.com.cn/stock/information/c/201904/e35a9679e4d54863844ce5d1a1a2349b.pdf",
    "报告期": "2019-03-31",
    "数据期": "2016-12-31",
    "所在页": 18,
    "资产总额": "275,288,900.00",
    "归属于母公司所有者权益": "250,908,200.00",
    "资产负债率（母公司）": 0.091,
    "资产负债率（合并）": null,
    "营业收入": "190,282,600.00",
    "净利润": "83,134,200.00",
    "归属于母公司所有者的净利润": "79,898,700.00",
    "扣除非经常性损益后归属于母公司所有者的净利润": "",
    "基本每股收益": 1.33,
    "稀释每股收益": 1.33,
    "加权平均净资产收益率": 0.3787,
    "经营活动产生的现金流量净额": "44,480,000.0",
    "现金分红": "-",
    "研发投入占营业收入的比例": "9.69%",
    "息税折旧摊销前利润": ""
  },
  {
    "公司名称": "2019-03-29中科星图股份有限公司科创板首次公开发行股票招股说明书（申报稿）",
    "原文链接": "http://static.sse.com.cn/stock/information/c/201903/9100d1a392e44160a884f3f03591e1c6.pdf",
    "报告期": "2019-03-31",
    "数据期": "2019-01-03",
    "所在页": 41,
    "资产总额": "",
    "归属于母公司所有者权益": "",
    "资产负债率（母公司）": null,
    "资产负债率（合并）": null,
    "营业收入": "",
    "净利润": "",
    "归属于母公司所有者的净利润": "",
    "扣除非经常性损益后归属于母公司所有者的净利润": "",
    "基本每股收益": "",
    "稀释每股收益": "",
    "加权平均净资产收益率": null,
    "经营活动产生的现金流量净额": "",
    "现金分红": "",
    "研发投入占营业收入的比例": "",
    "息税折旧摊销前利润": ""
  },
  {
    "公司名称": "2019-03-29中科星图股份有限公司科创板首次公开发行股票招股说明书（申报稿）",
    "原文链接": "http://static.sse.com.cn/stock/information/c/201903/9100d1a392e44160a884f3f03591e1c6.pdf",
    "报告期": "2019-03-31",
    "数据期": "2018-12-31",
    "所在页": 41,
    "资产总额": "396,131,100.00",
    "归属于母公司所有者权益": "191,504,900.00",
    "资产负债率（母公司）": 0.5517,
    "资产负债率（合并）": null,
    "营业收入": "356,576,400.00",
    "净利润": "86,962,300.00",
    "归属于母公司所有者的净利润": "86,901,100.00",
    "扣除非经常性损益后归属于母公司所有者的净利润": "70,144,800.00",
    "基本每股收益": 0.53,
    "稀释每股收益": 0.53,
    "加权平均净资产收益率": 0.5102,
    "经营活动产生的现金流量净额": "17,599,500.00",
    "现金分红": "44,000,000.0",
    "研发投入占营业收入的比例": "12.25%",
    "息税折旧摊销前利润": ""
  },
  {
    "公司名称": "2019-03-29中科星图股份有限公司科创板首次公开发行股票招股说明书（申报稿）",
    "原文链接": "http://static.sse.com.cn/stock/information/c/201903/9100d1a392e44160a884f3f03591e1c6.pdf",
    "报告期": "2019-03-31",
    "数据期": "2017-12-31",
    "所在页": 41,
    "资产总额": "184,790,000.0",
    "归属于母公司所有者权益": "72,753,100.00",
    "资产负债率（母公司）": 0.6071,
    "资产负债率（合并）": null,
    "营业收入": "226,346,600.00",
    "净利润": "39,042,900.00",
    "归属于母公司所有者的净利润": "39,038,800.00",
    "扣除非经常性损益后归属于母公司所有者的净利润": "29,746,000.0",
    "基本每股收益": "-",
    "稀释每股收益": "-",
    "加权平均净资产收益率": 0.7333,
    "经营活动产生的现金流量净额": "5,556,600.00",
    "现金分红": "-",
    "研发投入占营业收入的比例": "10.34%",
    "息税折旧摊销前利润": ""
  },
  {
    "公司名称": "2019-03-29中科星图股份有限公司科创板首次公开发行股票招股说明书（申报稿）",
    "原文链接": "http://static.sse.com.cn/stock/information/c/201903/9100d1a392e44160a884f3f03591e1c6.pdf",
    "报告期": "2019-03-31",
    "数据期": "2016-12-31",
    "所在页": 41,
    "资产总额": "101,688,200.00",
    "归属于母公司所有者权益": "33,714,300.00",
    "资产负债率（母公司）": 0.6246,
    "资产负债率（合并）": null,
    "营业收入": "84,342,700.00",
    "净利润": "14,870,300.00",
    "归属于母公司所有者的净利润": "14,870,300.00",
    "扣除非经常性损益后归属于母公司所有者的净利润": "13,033,000.0",
    "基本每股收益": "-",
    "稀释每股收益": "-",
    "加权平均净资产收益率": 0.5767,
    "经营活动产生的现金流量净额": "-10,987,500.00",
    "现金分红": "-",
    "研发投入占营业收入的比例": "13.09%",
    "息税折旧摊销前利润": ""
  },
  {
    "公司名称": "2019-03-29中微半导体设备（上海）股份有限公司科创板首次公开发行股票招股说明书（申报稿）",
    "原文链接": "http://static.sse.com.cn/stock/information/c/201903/f93549275fee441997852e76b16d1a8e.pdf",
    "报告期": "2019-03-31",
    "数据期": "2019-01-03",
    "所在页": 19,
    "资产总额": "",
    "归属于母公司所有者权益": "",
    "资产负债率（母公司）": null,
    "资产负债率（合并）": null,
    "营业收入": "",
    "净利润": "",
    "归属于母公司所有者的净利润": "",
    "扣除非经常性损益后归属于母公司所有者的净利润": "",
    "基本每股收益": "",
    "稀释每股收益": "",
    "加权平均净资产收益率": null,
    "经营活动产生的现金流量净额": "",
    "现金分红": "",
    "研发投入占营业收入的比例": "",
    "息税折旧摊销前利润": ""
  },
  {
    "公司名称": "2019-03-29中微半导体设备（上海）股份有限公司科创板首次公开发行股票招股说明书（申报稿）",
    "原文链接": "http://static.sse.com.cn/stock/information/c/201903/f93549275fee441997852e76b16d1a8e.pdf",
    "报告期": "2019-03-31",
    "数据期": "2018-12-31",
    "所在页": 19,
    "资产总额": "3,532,679,000.0",
    "归属于母公司所有者权益": "2,116,405,800.00",
    "资产负债率（母公司）": 0.3237,
    "资产负债率（合并）": null,
    "营业收入": "1,639,288,300.00",
    "净利润": "90,836,800.00",
    "归属于母公司所有者的净利润": "90,869,200.00",
    "扣除非经常性损益后归属于母公司所有者的净利润": "183,659,000.0",
    "基本每股收益": 0.2,
    "稀释每股收益": 0.2,
    "加权平均净资产收益率": 0.0748,
    "经营活动产生的现金流量净额": "261,107,100.00",
    "现金分红": "-",
    "研发投入占营业收入的比例": "24.65%",
    "息税折旧摊销前利润": ""
  },
  {
    "公司名称": "2019-03-29中微半导体设备（上海）股份有限公司科创板首次公开发行股票招股说明书（申报稿）",
    "原文链接": "http://static.sse.com.cn/stock/information/c/201903/f93549275fee441997852e76b16d1a8e.pdf",
    "报告期": "2019-03-31",
    "数据期": "2017-12-31",
    "所在页": 19,
    "资产总额": "2,276,021,400.00",
    "归属于母公司所有者权益": "266,211,500.00",
    "资产负债率（母公司）": 0.8085,
    "资产负债率（合并）": null,
    "营业收入": "971,920,600.00",
    "净利润": "29,918,700.00",
    "归属于母公司所有者的净利润": "29,918,700.00",
    "扣除非经常性损益后归属于母公司所有者的净利润": "25,863,300.00",
    "基本每股收益": "不适用",
    "稀释每股收益": "不适用",
    "加权平均净资产收益率": null,
    "经营活动产生的现金流量净额": "-150,087,000.0",
    "现金分红": "-",
    "研发投入占营业收入的比例": "34.0%",
    "息税折旧摊销前利润": ""
  },
  {
    "公司名称": "2019-03-29中微半导体设备（上海）股份有限公司科创板首次公开发行股票招股说明书（申报稿）",
    "原文链接": "http://static.sse.com.cn/stock/information/c/201903/f93549275fee441997852e76b16d1a8e.pdf",
    "报告期": "2019-03-31",
    "数据期": "2016-12-31",
    "所在页": 19,
    "资产总额": "1,078,528,400.00",
    "归属于母公司所有者权益": "-870,842,600.00",
    "资产负债率（母公司）": 1.6997,
    "资产负债率（合并）": null,
    "营业收入": "609,528,400.00",
    "净利润": "-238,789,200.00",
    "归属于母公司所有者的净利润": "-238,789,200.00",
    "扣除非经常性损益后归属于母公司所有者的净利润": "-137,977,400.00",
    "基本每股收益": "不适用",
    "稀释每股收益": "不适用",
    "加权平均净资产收益率": null,
    "经营活动产生的现金流量净额": "-101,601,400.00",
    "现金分红": "-",
    "研发投入占营业收入的比例": "49.62%",
    "息税折旧摊销前利润": ""
  },
  {
    "公司名称": "2019-04-15江西金达莱环保股份有限公司科创板首次公开发行股票招股说明书（申报稿）",
    "原文链接": "http://static.sse.com.cn/stock/information/c/201904/2321b6f7ccd34eeb98dfc4362a0d1a0f.pdf",
    "报告期": "2019-03-31",
    "数据期": "2019-01-03",
    "所在页": 18,
    "资产总额": "",
    "归属于母公司所有者权益": "",
    "资产负债率（母公司）": null,
    "资产负债率（合并）": null,
    "营业收入": "",
    "净利润": "",
    "归属于母公司所有者的净利润": "",
    "扣除非经常性损益后归属于母公司所有者的净利润": "",
    "基本每股收益": "",
    "稀释每股收益": "",
    "加权平均净资产收益率": null,
    "经营活动产生的现金流量净额": "",
    "现金分红": "",
    "研发投入占营业收入的比例": "",
    "息税折旧摊销前利润": ""
  },
  {
    "公司名称": "2019-04-15江西金达莱环保股份有限公司科创板首次公开发行股票招股说明书（申报稿）",
    "原文链接": "http://static.sse.com.cn/stock/information/c/201904/2321b6f7ccd34eeb98dfc4362a0d1a0f.pdf",
    "报告期": "2019-03-31",
    "数据期": "2018-12-31",
    "所在页": 18,
    "资产总额": "1,696,207,900.00",
    "归属于母公司所有者权益": "1,050,369,900.00",
    "资产负债率（母公司）": 0.3278,
    "资产负债率（合并）": null,
    "营业收入": "714,277,400.00",
    "净利润": "233,402,600.00",
    "归属于母公司所有者的净利润": "236,146,200.00",
    "扣除非经常性损益后归属于母公司所有者的净利润": "212,896,400.00",
    "基本每股收益": 1.14,
    "稀释每股收益": 1.14,
    "加权平均净资产收益率": 0.2402,
    "经营活动产生的现金流量净额": "213,789,400.00",
    "现金分红": "144,900,000.0",
    "研发投入占营业收入的比例": "7.4%",
    "息税折旧摊销前利润": ""
  },
  {
    "公司名称": "2019-04-15江西金达莱环保股份有限公司科创板首次公开发行股票招股说明书（申报稿）",
    "原文链接": "http://static.sse.com.cn/stock/information/c/201904/2321b6f7ccd34eeb98dfc4362a0d1a0f.pdf",
    "报告期": "2019-03-31",
    "数据期": "2017-12-31",
    "所在页": 18,
    "资产总额": "1,402,016,500.00",
    "归属于母公司所有者权益": "936,622,400.00",
    "资产负债率（母公司）": 0.2453,
    "资产负债率（合并）": null,
    "营业收入": "484,055,900.00",
    "净利润": "146,549,500.00",
    "归属于母公司所有者的净利润": "146,724,200.00",
    "扣除非经常性损益后归属于母公司所有者的净利润": "136,936,300.00",
    "基本每股收益": 0.71,
    "稀释每股收益": 0.71,
    "加权平均净资产收益率": 0.1736,
    "经营活动产生的现金流量净额": "161,265,000.0",
    "现金分红": "124,200,000.0",
    "研发投入占营业收入的比例": "6.81%",
    "息税折旧摊销前利润": ""
  },
  {
    "公司名称": "2019-04-15江西金达莱环保股份有限公司科创板首次公开发行股票招股说明书（申报稿）",
    "原文链接": "http://static.sse.com.cn/stock/information/c/201904/2321b6f7ccd34eeb98dfc4362a0d1a0f.pdf",
    "报告期": "2019-03-31",
    "数据期": "2016-12-31",
    "所在页": 18,
    "资产总额": "1,088,657,900.00",
    "归属于母公司所有者权益": "630,586,300.00",
    "资产负债率（母公司）": 0.3366,
    "资产负债率（合并）": null,
    "营业收入": "272,742,300.00",
    "净利润": "85,236,800.00",
    "归属于母公司所有者的净利润": "85,955,800.00",
    "扣除非经常性损益后归属于母公司所有者的净利润": "76,374,800.00",
    "基本每股收益": 0.43,
    "稀释每股收益": 0.43,
    "加权平均净资产收益率": 0.1476,
    "经营活动产生的现金流量净额": "-7,390,700.00",
    "现金分红": "20,700,000.0",
    "研发投入占营业收入的比例": "8.81%",
    "息税折旧摊销前利润": ""
  },
  {
    "公司名称": "2019-04-18南京万德斯环保科技股份有限公司科创板首次公开发行股票招股说明书（申报稿）",
    "原文链接": "http://static.sse.com.cn/stock/information/c/201904/5b24c6d1896241f8b0afa8afa8fc5249.pdf",
    "报告期": "2019-03-31",
    "数据期": "2019-01-03",
    "所在页": 30,
    "资产总额": "",
    "归属于母公司所有者权益": "",
    "资产负债率（母公司）": null,
    "资产负债率（合并）": null,
    "营业收入": "",
    "净利润": "",
    "归属于母公司所有者的净利润": "",
    "扣除非经常性损益后归属于母公司所有者的净利润": "",
    "基本每股收益": "",
    "稀释每股收益": "",
    "加权平均净资产收益率": null,
    "经营活动产生的现金流量净额": "",
    "现金分红": "",
    "研发投入占营业收入的比例": "",
    "息税折旧摊销前利润": ""
  },
  {
    "公司名称": "2019-04-18南京万德斯环保科技股份有限公司科创板首次公开发行股票招股说明书（申报稿）",
    "原文链接": "http://static.sse.com.cn/stock/information/c/201904/5b24c6d1896241f8b0afa8afa8fc5249.pdf",
    "报告期": "2019-03-31",
    "数据期": "2018-12-31",
    "所在页": 30,
    "资产总额": 885835800,
    "归属于母公司所有者权益": 433325800,
    "资产负债率（母公司）": 0.005341,
    "资产负债率（合并）": 0,
    "营业收入": 492564200,
    "净利润": 77832300,
    "归属于母公司所有者的净利润": 77832300,
    "扣除非经常性损益后归属于母公司所有者的净利润": 73516800,
    "基本每股收益": 1.36,
    "稀释每股收益": 1.36,
    "加权平均净资产收益率": 0.002836,
    "经营活动产生的现金流量净额": 5528600,
    "现金分红": "-",
    "研发投入占营业收入的比例": 0.0403,
    "息税折旧摊销前利润": ""
  },
  {
    "公司名称": "2019-04-18南京万德斯环保科技股份有限公司科创板首次公开发行股票招股说明书（申报稿）",
    "原文链接": "http://static.sse.com.cn/stock/information/c/201904/5b24c6d1896241f8b0afa8afa8fc5249.pdf",
    "报告期": "2019-03-31",
    "数据期": "2017-12-31",
    "所在页": 30,
    "资产总额": 393965900,
    "归属于母公司所有者权益": 235493500,
    "资产负债率（母公司）": 0.004824,
    "资产负债率（合并）": 0,
    "营业收入": 282546400,
    "净利润": 69725800,
    "归属于母公司所有者的净利润": 69754200,
    "扣除非经常性损益后归属于母公司所有者的净利润": 36016000,
    "基本每股收益": 1.34,
    "稀释每股收益": 1.34,
    "加权平均净资产收益率": 0.005741,
    "经营活动产生的现金流量净额": -45672800,
    "现金分红": "-",
    "研发投入占营业收入的比例": 0.0389,
    "息税折旧摊销前利润": ""
  },
  {
    "公司名称": "2019-04-18南京万德斯环保科技股份有限公司科创板首次公开发行股票招股说明书（申报稿）",
    "原文链接": "http://static.sse.com.cn/stock/information/c/201904/5b24c6d1896241f8b0afa8afa8fc5249.pdf",
    "报告期": "2019-03-31",
    "数据期": "2016-12-31",
    "所在页": 30,
    "资产总额": 220872500,
    "归属于母公司所有者权益": 86628900,
    "资产负债率（母公司）": 0.005609,
    "资产负债率（合并）": 0,
    "营业收入": 146357600,
    "净利润": 14863900,
    "归属于母公司所有者的净利润": 14938300,
    "扣除非经常性损益后归属于母公司所有者的净利润": 13885600,
    "基本每股收益": 0.29,
    "稀释每股收益": 0.29,
    "加权平均净资产收益率": 0.002014,
    "经营活动产生的现金流量净额": 7741100,
    "现金分红": "-",
    "研发投入占营业收入的比例": 0.0633,
    "息税折旧摊销前利润": ""
  },
  {
    "公司名称": "2019-04-02青岛海尔生物医疗股份有限公司科创板首次公开发行股票招股说明书（申报稿）",
    "原文链接": "http://static.sse.com.cn/stock/information/c/201904/7ccf1191fe43469b89e3826a13dc3367.pdf",
    "报告期": "2019-03-31",
    "数据期": "2019-01-03",
    "所在页": 47,
    "资产总额": "",
    "归属于母公司所有者权益": "",
    "资产负债率（母公司）": null,
    "资产负债率（合并）": null,
    "营业收入": "",
    "净利润": "",
    "归属于母公司所有者的净利润": "",
    "扣除非经常性损益后归属于母公司所有者的净利润": "",
    "基本每股收益": "",
    "稀释每股收益": "",
    "加权平均净资产收益率": null,
    "经营活动产生的现金流量净额": "",
    "现金分红": "",
    "研发投入占营业收入的比例": "",
    "息税折旧摊销前利润": ""
  },
  {
    "公司名称": "2019-04-02青岛海尔生物医疗股份有限公司科创板首次公开发行股票招股说明书（申报稿）",
    "原文链接": "http://static.sse.com.cn/stock/information/c/201904/7ccf1191fe43469b89e3826a13dc3367.pdf",
    "报告期": "2019-03-31",
    "数据期": "2018-12-31",
    "所在页": 47,
    "资产总额": "2,227,751,800.00",
    "归属于母公司所有者权益": "1,109,575,600.00",
    "资产负债率（母公司）": 0.4422,
    "资产负债率（合并）": null,
    "营业收入": "841,668,600.00",
    "净利润": "114,702,600.00",
    "归属于母公司所有者的净利润": "113,957,700.00",
    "扣除非经常性损益后归属于母公司所有者的净利润": "118,475,700.00",
    "基本每股收益": 0.56,
    "稀释每股收益": 0.53,
    "加权平均净资产收益率": 0.1189,
    "经营活动产生的现金流量净额": "149,001,200.00",
    "现金分红": "-",
    "研发投入占营业收入的比例": "10.74%",
    "息税折旧摊销前利润": ""
  },
  {
    "公司名称": "2019-04-02青岛海尔生物医疗股份有限公司科创板首次公开发行股票招股说明书（申报稿）",
    "原文链接": "http://static.sse.com.cn/stock/information/c/201904/7ccf1191fe43469b89e3826a13dc3367.pdf",
    "报告期": "2019-03-31",
    "数据期": "2017-12-31",
    "所在页": 47,
    "资产总额": "1,190,679,500.00",
    "归属于母公司所有者权益": "614,755,500.00",
    "资产负债率（母公司）": 0.4792,
    "资产负债率（合并）": null,
    "营业收入": "621,407,500.00",
    "净利润": "60,391,500.00",
    "归属于母公司所有者的净利润": "60,391,500.00",
    "扣除非经常性损益后归属于母公司所有者的净利润": "114,876,700.00",
    "基本每股收益": 0.35,
    "稀释每股收益": 0.34,
    "加权平均净资产收益率": 0.0997,
    "经营活动产生的现金流量净额": "148,322,700.00",
    "现金分红": "244,937,900.00",
    "研发投入占营业收入的比例": "13.34%",
    "息税折旧摊销前利润": ""
  },
  {
    "公司名称": "2019-04-02青岛海尔生物医疗股份有限公司科创板首次公开发行股票招股说明书（申报稿）",
    "原文链接": "http://static.sse.com.cn/stock/information/c/201904/7ccf1191fe43469b89e3826a13dc3367.pdf",
    "报告期": "2019-03-31",
    "数据期": "2016-12-31",
    "所在页": 47,
    "资产总额": "949,271,400.00",
    "归属于母公司所有者权益": "722,806,600.00",
    "资产负债率（母公司）": 0.2305,
    "资产负债率（合并）": null,
    "营业收入": "481,981,600.00",
    "净利润": "123,209,700.00",
    "归属于母公司所有者的净利润": "123,209,700.00",
    "扣除非经常性损益后归属于母公司所有者的净利润": "112,527,700.00",
    "基本每股收益": 0.72,
    "稀释每股收益": 0.72,
    "加权平均净资产收益率": 0.1863,
    "经营活动产生的现金流量净额": "220,720,800.00",
    "现金分红": "-",
    "研发投入占营业收入的比例": "7.4%",
    "息税折旧摊销前利润": ""
  },
  {
    "公司名称": "2019-04-16中国铁路通信信号股份有限公司科创板首次公开发行股票招股说明书（申报稿）",
    "原文链接": "http://static.sse.com.cn/stock/information/c/201904/a8ea377f9a8e47ffaa862d8b8e50c0fe.pdf",
    "报告期": "2019-03-31",
    "数据期": "2019-01-03",
    "所在页": 29,
    "资产总额": "",
    "归属于母公司所有者权益": "",
    "资产负债率（母公司）": null,
    "资产负债率（合并）": null,
    "营业收入": "",
    "净利润": "",
    "归属于母公司所有者的净利润": "",
    "扣除非经常性损益后归属于母公司所有者的净利润": "",
    "基本每股收益": "",
    "稀释每股收益": "",
    "加权平均净资产收益率": null,
    "经营活动产生的现金流量净额": "",
    "现金分红": "",
    "研发投入占营业收入的比例": "",
    "息税折旧摊销前利润": ""
  },
  {
    "公司名称": "2019-04-16中国铁路通信信号股份有限公司科创板首次公开发行股票招股说明书（申报稿）",
    "原文链接": "http://static.sse.com.cn/stock/information/c/201904/a8ea377f9a8e47ffaa862d8b8e50c0fe.pdf",
    "报告期": "2019-03-31",
    "数据期": "2018-12-31",
    "所在页": 29,
    "资产总额": "79,678,537,600.00",
    "归属于母公司所有者权益": "28,908,396,700.00",
    "资产负债率（母公司）": 0.4478,
    "资产负债率（合并）": null,
    "营业收入": "40,012,601,300.00",
    "净利润": "3,716,795,300.00",
    "归属于母公司所有者的净利润": "3,408,545,500.00",
    "扣除非经常性损益后归属于母公司所有者的净利润": "329,519.07",
    "基本每股收益": 0.38,
    "稀释每股收益": 0.38,
    "加权平均净资产收益率": 0.1358,
    "经营活动产生的现金流量净额": "-1,586,789,900.00",
    "现金分红": "1,318,472,900.00",
    "研发投入占营业收入的比例": "3.45%",
    "息税折旧摊销前利润": ""
  },
  {
    "公司名称": "2019-04-16中国铁路通信信号股份有限公司科创板首次公开发行股票招股说明书（申报稿）",
    "原文链接": "http://static.sse.com.cn/stock/information/c/201904/a8ea377f9a8e47ffaa862d8b8e50c0fe.pdf",
    "报告期": "2019-03-31",
    "数据期": "2017-12-31",
    "所在页": 29,
    "资产总额": "61,244,644,600.00",
    "归属于母公司所有者权益": "24,019,050,900.00",
    "资产负债率（母公司）": 0.5003,
    "资产负债率（合并）": null,
    "营业收入": "34,585,933,600.00",
    "净利润": "3,437,194,300.00",
    "归属于母公司所有者的净利润": "3,222,483,600.00",
    "扣除非经常性损益后归属于母公司所有者的净利润": "309,181.56",
    "基本每股收益": 0.37,
    "稀释每股收益": 0.37,
    "加权平均净资产收益率": 0.1409,
    "经营活动产生的现金流量净额": "-886,018,400.00",
    "现金分红": "878,981,900.00",
    "研发投入占营业收入的比例": "3.41%",
    "息税折旧摊销前利润": ""
  },
  {
    "公司名称": "2019-04-16中国铁路通信信号股份有限公司科创板首次公开发行股票招股说明书（申报稿）",
    "原文链接": "http://static.sse.com.cn/stock/information/c/201904/a8ea377f9a8e47ffaa862d8b8e50c0fe.pdf",
    "报告期": "2019-03-31",
    "数据期": "2016-12-31",
    "所在页": 29,
    "资产总额": "50,295,006,600.00",
    "归属于母公司所有者权益": "21,656,637,900.00",
    "资产负债率（母公司）": 0.4691,
    "资产负债率（合并）": null,
    "营业收入": "29,770,196,600.00",
    "净利润": "3,198,481,900.00",
    "归属于母公司所有者的净利润": "3,045,000,300.00",
    "扣除非经常性损益后归属于母公司所有者的净利润": "283,468.31",
    "基本每股收益": 0.35,
    "稀释每股收益": 0.35,
    "加权平均净资产收益率": 0.1503,
    "经营活动产生的现金流量净额": "2,935,057,700.00",
    "现金分红": "219,745,500.00",
    "研发投入占营业收入的比例": "3.53%",
    "息税折旧摊销前利润": ""
  },
  {
    "公司名称": "2019-04-29嘉必优生物技术（武汉）股份有限公司科创板首次公开发行股票招股说明书（申报稿）",
    "原文链接": "http://static.sse.com.cn/stock/information/c/201904/ae8ffacac81d484b921d15a8191ca43a.pdf",
    "报告期": "2019-03-31",
    "数据期": "2019-01-03",
    "所在页": 24,
    "资产总额": "",
    "归属于母公司所有者权益": "",
    "资产负债率（母公司）": null,
    "资产负债率（合并）": null,
    "营业收入": "",
    "净利润": "",
    "归属于母公司所有者的净利润": "",
    "扣除非经常性损益后归属于母公司所有者的净利润": "",
    "基本每股收益": "",
    "稀释每股收益": "",
    "加权平均净资产收益率": null,
    "经营活动产生的现金流量净额": "",
    "现金分红": "",
    "研发投入占营业收入的比例": "",
    "息税折旧摊销前利润": ""
  },
  {
    "公司名称": "2019-04-29嘉必优生物技术（武汉）股份有限公司科创板首次公开发行股票招股说明书（申报稿）",
    "原文链接": "http://static.sse.com.cn/stock/information/c/201904/ae8ffacac81d484b921d15a8191ca43a.pdf",
    "报告期": "2019-03-31",
    "数据期": "2018-12-31",
    "所在页": 24,
    "资产总额": "581,194,500.0",
    "归属于母公司所有者权益": "526,544,100.0",
    "资产负债率（母公司）": 0.0893,
    "资产负债率（合并）": 0.0946,
    "营业收入": "286,105,600.0",
    "净利润": "97,828,400.0",
    "归属于母公司所有者的净利润": "96,986,000.0",
    "扣除非经常性损益后归属于母公司所有者的净利润": "66,517,000.0",
    "基本每股收益": 1.08,
    "稀释每股收益": 1.08,
    "加权平均净资产收益率": 0.1343,
    "经营活动产生的现金流量净额": "106,162,600.0",
    "现金分红": "36,000,000.0",
    "研发投入占营业收入的比例": "5.72%",
    "息税折旧摊销前利润": ""
  },
  {
    "公司名称": "2019-04-29嘉必优生物技术（武汉）股份有限公司科创板首次公开发行股票招股说明书（申报稿）",
    "原文链接": "http://static.sse.com.cn/stock/information/c/201904/ae8ffacac81d484b921d15a8191ca43a.pdf",
    "报告期": "2019-03-31",
    "数据期": "2017-12-31",
    "所在页": 24,
    "资产总额": "506,367,500.0",
    "归属于母公司所有者权益": "465,575,900.0",
    "资产负债率（母公司）": 0.0749,
    "资产负债率（合并）": 0.0829,
    "营业收入": "228,559,200.0",
    "净利润": "65,586,100.0",
    "归属于母公司所有者的净利润": "65,779,100.0",
    "扣除非经常性损益后归属于母公司所有者的净利润": "42,916,400.0",
    "基本每股收益": 0.73,
    "稀释每股收益": 0.73,
    "加权平均净资产收益率": 0.099,
    "经营活动产生的现金流量净额": "100,663,700.0",
    "现金分红": "-",
    "研发投入占营业收入的比例": "5.96%",
    "息税折旧摊销前利润": ""
  },
  {
    "公司名称": "2019-04-29嘉必优生物技术（武汉）股份有限公司科创板首次公开发行股票招股说明书（申报稿）",
    "原文链接": "http://static.sse.com.cn/stock/information/c/201904/ae8ffacac81d484b921d15a8191ca43a.pdf",
    "报告期": "2019-03-31",
    "数据期": "2016-12-31",
    "所在页": 24,
    "资产总额": "476,776,000.0",
    "归属于母公司所有者权益": "403,592,800.0",
    "资产负债率（母公司）": 0.1472,
    "资产负债率（合并）": 0.1556,
    "营业收入": "189,803,100.0",
    "净利润": "46,353,000.0",
    "归属于母公司所有者的净利润": "46,963,400.0",
    "扣除非经常性损益后归属于母公司所有者的净利润": "31,638,500.0",
    "基本每股收益": 0.52,
    "稀释每股收益": 0.52,
    "加权平均净资产收益率": 0.0834,
    "经营活动产生的现金流量净额": "62,531,800.0",
    "现金分红": "-",
    "研发投入占营业收入的比例": "7.52%",
    "息税折旧摊销前利润": ""
  },
  {
    "公司名称": "2019-04-24博拉网络股份有限公司科创板首次公开发行股票招股说明书（申报稿）",
    "原文链接": "http://static.sse.com.cn/stock/information/c/201904/37061503410c4feeb2ec31068e9c7313.pdf",
    "报告期": "2019-03-31",
    "数据期": "2019-01-03",
    "所在页": 22,
    "资产总额": "",
    "归属于母公司所有者权益": "",
    "资产负债率（母公司）": null,
    "资产负债率（合并）": null,
    "营业收入": "",
    "净利润": "",
    "归属于母公司所有者的净利润": "",
    "扣除非经常性损益后归属于母公司所有者的净利润": "",
    "基本每股收益": "",
    "稀释每股收益": "",
    "加权平均净资产收益率": null,
    "经营活动产生的现金流量净额": "",
    "现金分红": "",
    "研发投入占营业收入的比例": "",
    "息税折旧摊销前利润": ""
  },
  {
    "公司名称": "2019-04-24博拉网络股份有限公司科创板首次公开发行股票招股说明书（申报稿）",
    "原文链接": "http://static.sse.com.cn/stock/information/c/201904/37061503410c4feeb2ec31068e9c7313.pdf",
    "报告期": "2019-03-31",
    "数据期": "2018-12-31",
    "所在页": 22,
    "资产总额": "350,634,300.0",
    "归属于母公司所有者权益": "328,919,600.0",
    "资产负债率（母公司）": 0.0417,
    "资产负债率（合并）": null,
    "营业收入": "306,776,800.0",
    "净利润": "42,940,300.0",
    "归属于母公司所有者的净利润": "44,490,500.0",
    "扣除非经常性损益后归属于母公司所有者的净利润": "40,732,100.0",
    "基本每股收益": 0.51,
    "稀释每股收益": 0.51,
    "加权平均净资产收益率": 0.1479,
    "经营活动产生的现金流量净额": "-32,822,500.0",
    "现金分红": "2,640,000.0",
    "研发投入占营业收入的比例": "4.51%",
    "息税折旧摊销前利润": ""
  },
  {
    "公司名称": "2019-04-24博拉网络股份有限公司科创板首次公开发行股票招股说明书（申报稿）",
    "原文链接": "http://static.sse.com.cn/stock/information/c/201904/37061503410c4feeb2ec31068e9c7313.pdf",
    "报告期": "2019-03-31",
    "数据期": "2017-12-31",
    "所在页": 22,
    "资产总额": "267,809,300.0",
    "归属于母公司所有者权益": "253,420,600.0",
    "资产负债率（母公司）": 0.0339,
    "资产负债率（合并）": null,
    "营业收入": "179,640,700.0",
    "净利润": "40,552,700.0",
    "归属于母公司所有者的净利润": "40,577,700.0",
    "扣除非经常性损益后归属于母公司所有者的净利润": "35,976,600.0",
    "基本每股收益": 0.46,
    "稀释每股收益": 0.46,
    "加权平均净资产收益率": 0.1526,
    "经营活动产生的现金流量净额": "4,327,300.0",
    "现金分红": "5,280,000.0",
    "研发投入占营业收入的比例": "8.75%",
    "息税折旧摊销前利润": ""
  },
  {
    "公司名称": "2019-04-24博拉网络股份有限公司科创板首次公开发行股票招股说明书（申报稿）",
    "原文链接": "http://static.sse.com.cn/stock/information/c/201904/37061503410c4feeb2ec31068e9c7313.pdf",
    "报告期": "2019-03-31",
    "数据期": "2016-12-31",
    "所在页": 22,
    "资产总额": "230,779,100.0",
    "归属于母公司所有者权益": "215,974,300.0",
    "资产负债率（母公司）": 0.0534,
    "资产负债率（合并）": null,
    "营业收入": "159,515,500.0",
    "净利润": "38,632,900.0",
    "归属于母公司所有者的净利润": "38,475,700.0",
    "扣除非经常性损益后归属于母公司所有者的净利润": "35,639,300.0",
    "基本每股收益": 0.44,
    "稀释每股收益": 0.44,
    "加权平均净资产收益率": 0.1805,
    "经营活动产生的现金流量净额": "21,642,300.0",
    "现金分红": "3,080,000.0",
    "研发投入占营业收入的比例": "8.52%",
    "息税折旧摊销前利润": ""
  },
  {
    "公司名称": "2019-04-03上海美迪西生物医药股份有限公司科创板首次公开发行股票招股说明书（申报稿）",
    "原文链接": "http://static.sse.com.cn/stock/information/c/201904/836aa6abcbe54369b7fcd755c17bfa5d.pdf",
    "报告期": "2019-03-31",
    "数据期": "2019-01-03",
    "所在页": 38,
    "资产总额": "",
    "归属于母公司所有者权益": "",
    "资产负债率（母公司）": null,
    "资产负债率（合并）": null,
    "营业收入": "",
    "净利润": "",
    "归属于母公司所有者的净利润": "",
    "扣除非经常性损益后归属于母公司所有者的净利润": "",
    "基本每股收益": "",
    "稀释每股收益": "",
    "加权平均净资产收益率": null,
    "经营活动产生的现金流量净额": "",
    "现金分红": "",
    "研发投入占营业收入的比例": "",
    "息税折旧摊销前利润": ""
  },
  {
    "公司名称": "2019-04-03上海美迪西生物医药股份有限公司科创板首次公开发行股票招股说明书（申报稿）",
    "原文链接": "http://static.sse.com.cn/stock/information/c/201904/836aa6abcbe54369b7fcd755c17bfa5d.pdf",
    "报告期": "2019-03-31",
    "数据期": "2018-12-31",
    "所在页": 38,
    "资产总额": 472949300,
    "归属于母公司所有者权益": 342397100,
    "资产负债率（母公司）": 0.002155,
    "资产负债率（合并）": 0,
    "营业收入": 323640700,
    "净利润": 60561200,
    "归属于母公司所有者的净利润": 58975100,
    "扣除非经常性损益后归属于母公司所有者的净利润": 51139600,
    "基本每股收益": 1.27,
    "稀释每股收益": 1.27,
    "加权平均净资产收益率": 0.001885,
    "经营活动产生的现金流量净额": 71106000,
    "现金分红": "-",
    "研发投入占营业收入的比例": 0.051,
    "息税折旧摊销前利润": ""
  },
  {
    "公司名称": "2019-04-03上海美迪西生物医药股份有限公司科创板首次公开发行股票招股说明书（申报稿）",
    "原文链接": "http://static.sse.com.cn/stock/information/c/201904/836aa6abcbe54369b7fcd755c17bfa5d.pdf",
    "报告期": "2019-03-31",
    "数据期": "2017-12-31",
    "所在页": 38,
    "资产总额": 389613000,
    "归属于母公司所有者权益": 283422000,
    "资产负债率（母公司）": 0.001916,
    "资产负债率（合并）": 0,
    "营业收入": 247872300,
    "净利润": 41232000,
    "归属于母公司所有者的净利润": 40176800,
    "扣除非经常性损益后归属于母公司所有者的净利润": 31820600,
    "基本每股收益": 0.86,
    "稀释每股收益": 0.86,
    "加权平均净资产收益率": 0.001526,
    "经营活动产生的现金流量净额": 74697200,
    "现金分红": "-",
    "研发投入占营业收入的比例": 0.0447,
    "息税折旧摊销前利润": ""
  },
  {
    "公司名称": "2019-04-03上海美迪西生物医药股份有限公司科创板首次公开发行股票招股说明书（申报稿）",
    "原文链接": "http://static.sse.com.cn/stock/information/c/201904/836aa6abcbe54369b7fcd755c17bfa5d.pdf",
    "报告期": "2019-03-31",
    "数据期": "2016-12-31",
    "所在页": 38,
    "资产总额": 344898500,
    "归属于母公司所有者权益": 243245200,
    "资产负债率（母公司）": 0.002278,
    "资产负债率（合并）": 0,
    "营业收入": 232404800,
    "净利润": 43945300,
    "归属于母公司所有者的净利润": 42917300,
    "扣除非经常性损益后归属于母公司所有者的净利润": 37104900,
    "基本每股收益": 0.99,
    "稀释每股收益": 0.99,
    "加权平均净资产收益率": 0.003321,
    "经营活动产生的现金流量净额": 34132700,
    "现金分红": "-",
    "研发投入占营业收入的比例": 0.04,
    "息税折旧摊销前利润": ""
  },
  {
    "公司名称": "2019-04-19江苏浩欧博生物医药股份有限公司科创板首次公开发行股票招股说明书（申报稿）",
    "原文链接": "http://static.sse.com.cn/stock/information/c/201904/92c2b60281b646ed869a35b15cea92c3.pdf",
    "报告期": "2019-03-31",
    "数据期": "2019-01-03",
    "所在页": 25,
    "资产总额": "",
    "归属于母公司所有者权益": "",
    "资产负债率（母公司）": null,
    "资产负债率（合并）": null,
    "营业收入": "",
    "净利润": "",
    "归属于母公司所有者的净利润": "",
    "扣除非经常性损益后归属于母公司所有者的净利润": "",
    "基本每股收益": "",
    "稀释每股收益": "",
    "加权平均净资产收益率": null,
    "经营活动产生的现金流量净额": "",
    "现金分红": "",
    "研发投入占营业收入的比例": "",
    "息税折旧摊销前利润": ""
  },
  {
    "公司名称": "2019-04-19江苏浩欧博生物医药股份有限公司科创板首次公开发行股票招股说明书（申报稿）",
    "原文链接": "http://static.sse.com.cn/stock/information/c/201904/92c2b60281b646ed869a35b15cea92c3.pdf",
    "报告期": "2019-03-31",
    "数据期": "2018-12-31",
    "所在页": 25,
    "资产总额": "225,224,000.0",
    "归属于母公司所有者权益": "133,119,400.00",
    "资产负债率（母公司）": 0.3738,
    "资产负债率（合并）": null,
    "营业收入": "201,446,200.00",
    "净利润": "40,154,400.00",
    "归属于母公司所有者的净利润": "40,154,400.00",
    "扣除非经常性损益后归属于母公司所有者的净利润": "44,457,500.00",
    "基本每股收益": 0.88,
    "稀释每股收益": 0.88,
    "加权平均净资产收益率": 0.3459,
    "经营活动产生的现金流量净额": "46,510,800.00",
    "现金分红": "40,199,700.00",
    "研发投入占营业收入的比例": "11.99%",
    "息税折旧摊销前利润": ""
  },
  {
    "公司名称": "2019-04-19江苏浩欧博生物医药股份有限公司科创板首次公开发行股票招股说明书（申报稿）",
    "原文链接": "http://static.sse.com.cn/stock/information/c/201904/92c2b60281b646ed869a35b15cea92c3.pdf",
    "报告期": "2019-03-31",
    "数据期": "2017-12-31",
    "所在页": 25,
    "资产总额": "144,224,000.0",
    "归属于母公司所有者权益": "79,027,000.0",
    "资产负债率（母公司）": 0.4254,
    "资产负债率（合并）": null,
    "营业收入": "146,319,700.00",
    "净利润": "21,353,900.00",
    "归属于母公司所有者的净利润": "21,353,900.00",
    "扣除非经常性损益后归属于母公司所有者的净利润": "21,239,700.00",
    "基本每股收益": 0.47,
    "稀释每股收益": 0.47,
    "加权平均净资产收益率": 0.3169,
    "经营活动产生的现金流量净额": "22,258,100.00",
    "现金分红": "-",
    "研发投入占营业收入的比例": "13.45%",
    "息税折旧摊销前利润": ""
  },
  {
    "公司名称": "2019-04-19江苏浩欧博生物医药股份有限公司科创板首次公开发行股票招股说明书（申报稿）",
    "原文链接": "http://static.sse.com.cn/stock/information/c/201904/92c2b60281b646ed869a35b15cea92c3.pdf",
    "报告期": "2019-03-31",
    "数据期": "2016-12-31",
    "所在页": 25,
    "资产总额": "124,650,400.00",
    "归属于母公司所有者权益": "56,711,200.00",
    "资产负债率（母公司）": 0.4838,
    "资产负债率（合并）": null,
    "营业收入": "111,600,300.00",
    "净利润": "4,335,000.0",
    "归属于母公司所有者的净利润": "4,335,000.0",
    "扣除非经常性损益后归属于母公司所有者的净利润": "6,479,900.00",
    "基本每股收益": "-",
    "稀释每股收益": "-",
    "加权平均净资产收益率": 0.0961,
    "经营活动产生的现金流量净额": "6,421,100.00",
    "现金分红": "-",
    "研发投入占营业收入的比例": "20.92%",
    "息税折旧摊销前利润": ""
  },
  {
    "公司名称": "2019-04-04北京安博通科技股份有限公司科创板首次公开发行股票招股说明书（申报稿）",
    "原文链接": "http://static.sse.com.cn/stock/information/c/201904/2c6886f162cf4be6a01c8ae2d4fb4284.pdf",
    "报告期": "2019-03-31",
    "数据期": "2019-01-03",
    "所在页": 39,
    "资产总额": "",
    "归属于母公司所有者权益": "",
    "资产负债率（母公司）": null,
    "资产负债率（合并）": null,
    "营业收入": "",
    "净利润": "",
    "归属于母公司所有者的净利润": "",
    "扣除非经常性损益后归属于母公司所有者的净利润": "",
    "基本每股收益": "",
    "稀释每股收益": "",
    "加权平均净资产收益率": null,
    "经营活动产生的现金流量净额": "",
    "现金分红": "",
    "研发投入占营业收入的比例": "",
    "息税折旧摊销前利润": ""
  },
  {
    "公司名称": "2019-04-04北京安博通科技股份有限公司科创板首次公开发行股票招股说明书（申报稿）",
    "原文链接": "http://static.sse.com.cn/stock/information/c/201904/2c6886f162cf4be6a01c8ae2d4fb4284.pdf",
    "报告期": "2019-03-31",
    "数据期": "2018-12-31",
    "所在页": 39,
    "资产总额": "311,633,700.00",
    "归属于母公司所有者权益": "255,418,100.00",
    "资产负债率（母公司）": 0.0926,
    "资产负债率（合并）": null,
    "营业收入": "195,346,500.00",
    "净利润": "",
    "归属于母公司所有者的净利润": "61,549,600.00",
    "扣除非经常性损益后归属于母公司所有者的净利润": "60,003,200.00",
    "基本每股收益": 1.6,
    "稀释每股收益": 1.6,
    "加权平均净资产收益率": 0.2625,
    "经营活动产生的现金流量净额": "18,032,000.0",
    "现金分红": "13,434,800.00",
    "研发投入占营业收入的比例": "13.59%",
    "息税折旧摊销前利润": ""
  },
  {
    "公司名称": "2019-04-04北京安博通科技股份有限公司科创板首次公开发行股票招股说明书（申报稿）",
    "原文链接": "http://static.sse.com.cn/stock/information/c/201904/2c6886f162cf4be6a01c8ae2d4fb4284.pdf",
    "报告期": "2019-03-31",
    "数据期": "2017-12-31",
    "所在页": 39,
    "资产总额": "247,366,200.00",
    "归属于母公司所有者权益": "203,948,800.00",
    "资产负债率（母公司）": 0.0666,
    "资产负债率（合并）": null,
    "营业收入": "150,756,300.00",
    "净利润": "",
    "归属于母公司所有者的净利润": "36,047,500.00",
    "扣除非经常性损益后归属于母公司所有者的净利润": "34,581,700.00",
    "基本每股收益": 0.97,
    "稀释每股收益": 0.97,
    "加权平均净资产收益率": 0.2251,
    "经营活动产生的现金流量净额": "19,342,100.00",
    "现金分红": "19,000,000.0",
    "研发投入占营业收入的比例": "17.6%",
    "息税折旧摊销前利润": ""
  },
  {
    "公司名称": "2019-04-04北京安博通科技股份有限公司科创板首次公开发行股票招股说明书（申报稿）",
    "原文链接": "http://static.sse.com.cn/stock/information/c/201904/2c6886f162cf4be6a01c8ae2d4fb4284.pdf",
    "报告期": "2019-03-31",
    "数据期": "2016-12-31",
    "所在页": 39,
    "资产总额": "123,712,700.00",
    "归属于母公司所有者权益": "103,288,100.00",
    "资产负债率（母公司）": 0.0549,
    "资产负债率（合并）": null,
    "营业收入": "106,337,500.00",
    "净利润": "",
    "归属于母公司所有者的净利润": "9,956,000.0",
    "扣除非经常性损益后归属于母公司所有者的净利润": "19,198,300.00",
    "基本每股收益": 0.28,
    "稀释每股收益": 0.28,
    "加权平均净资产收益率": 0.2418,
    "经营活动产生的现金流量净额": "1,928,900.00",
    "现金分红": "-",
    "研发投入占营业收入的比例": "14.91%",
    "息税折旧摊销前利润": ""
  },
  {
    "公司名称": "2019-04-03成都苑东生物制药股份有限公司科创板首次公开发行股票招股说明书（申报稿）",
    "原文链接": "http://static.sse.com.cn/stock/information/c/201904/940e2668becc42fba73ee59bcdaaa1ee.pdf",
    "报告期": "2019-03-31",
    "数据期": "2019-01-03",
    "所在页": 38,
    "资产总额": "",
    "归属于母公司所有者权益": "",
    "资产负债率（母公司）": null,
    "资产负债率（合并）": null,
    "营业收入": "",
    "净利润": "",
    "归属于母公司所有者的净利润": "",
    "扣除非经常性损益后归属于母公司所有者的净利润": "",
    "基本每股收益": "",
    "稀释每股收益": "",
    "加权平均净资产收益率": null,
    "经营活动产生的现金流量净额": "",
    "现金分红": "",
    "研发投入占营业收入的比例": "",
    "息税折旧摊销前利润": ""
  },
  {
    "公司名称": "2019-04-03成都苑东生物制药股份有限公司科创板首次公开发行股票招股说明书（申报稿）",
    "原文链接": "http://static.sse.com.cn/stock/information/c/201904/940e2668becc42fba73ee59bcdaaa1ee.pdf",
    "报告期": "2019-03-31",
    "数据期": "2018-12-31",
    "所在页": 38,
    "资产总额": "788,863,000.0",
    "归属于母公司所有者权益": "582,193,500.00",
    "资产负债率（母公司）": 0.1174,
    "资产负债率（合并）": null,
    "营业收入": "768,758,600.00",
    "净利润": "135,020,100.00",
    "归属于母公司所有者的净利润": "135,020,100.00",
    "扣除非经常性损益后归属于母公司所有者的净利润": "8,599.51",
    "基本每股收益": 1.5,
    "稀释每股收益": 1.5,
    "加权平均净资产收益率": 0.2635,
    "经营活动产生的现金流量净额": "16,678.75",
    "现金分红": "-",
    "研发投入占营业收入的比例": "16.18%",
    "息税折旧摊销前利润": ""
  },
  {
    "公司名称": "2019-04-03成都苑东生物制药股份有限公司科创板首次公开发行股票招股说明书（申报稿）",
    "原文链接": "http://static.sse.com.cn/stock/information/c/201904/940e2668becc42fba73ee59bcdaaa1ee.pdf",
    "报告期": "2019-03-31",
    "数据期": "2017-12-31",
    "所在页": 38,
    "资产总额": "591,979,000.0",
    "归属于母公司所有者权益": "445,279,900.00",
    "资产负债率（母公司）": 0.0981,
    "资产负债率（合并）": null,
    "营业收入": "476,338,000.0",
    "净利润": "64,365,600.00",
    "归属于母公司所有者的净利润": "64,365,600.00",
    "扣除非经常性损益后归属于母公司所有者的净利润": "4,924.1",
    "基本每股收益": 0.72,
    "稀释每股收益": 0.72,
    "加权平均净资产收益率": 0.1578,
    "经营活动产生的现金流量净额": "8,569.98",
    "现金分红": "22,500,000.0",
    "研发投入占营业收入的比例": "16.21%",
    "息税折旧摊销前利润": ""
  },
  {
    "公司名称": "2019-04-03成都苑东生物制药股份有限公司科创板首次公开发行股票招股说明书（申报稿）",
    "原文链接": "http://static.sse.com.cn/stock/information/c/201904/940e2668becc42fba73ee59bcdaaa1ee.pdf",
    "报告期": "2019-03-31",
    "数据期": "2016-12-31",
    "所在页": 38,
    "资产总额": "520,216,600.00",
    "归属于母公司所有者权益": "389,789,500.00",
    "资产负债率（母公司）": 0.0986,
    "资产负债率（合并）": null,
    "营业收入": "338,801,800.00",
    "净利润": "57,316,600.00",
    "归属于母公司所有者的净利润": "57,316,600.00",
    "扣除非经常性损益后归属于母公司所有者的净利润": "4,228.32",
    "基本每股收益": 0.66,
    "稀释每股收益": 0.66,
    "加权平均净资产收益率": 0.2037,
    "经营活动产生的现金流量净额": "10,605.78",
    "现金分红": "-",
    "研发投入占营业收入的比例": "13.45%",
    "息税折旧摊销前利润": ""
  },
  {
    "公司名称": "2019-03-29安集微电子科技（上海）股份有限公司科创板首次公开发行股票招股说明书（申报稿）",
    "原文链接": "http://static.sse.com.cn/stock/information/c/201903/01f6ae9149af46698df356b47afe4dc6.pdf",
    "报告期": "2019-03-31",
    "数据期": "2019-01-03",
    "所在页": 29,
    "资产总额": "",
    "归属于母公司所有者权益": "",
    "资产负债率（母公司）": null,
    "资产负债率（合并）": null,
    "营业收入": "",
    "净利润": "",
    "归属于母公司所有者的净利润": "",
    "扣除非经常性损益后归属于母公司所有者的净利润": "",
    "基本每股收益": "",
    "稀释每股收益": "",
    "加权平均净资产收益率": null,
    "经营活动产生的现金流量净额": "",
    "现金分红": "",
    "研发投入占营业收入的比例": "",
    "息税折旧摊销前利润": ""
  },
  {
    "公司名称": "2019-03-29安集微电子科技（上海）股份有限公司科创板首次公开发行股票招股说明书（申报稿）",
    "原文链接": "http://static.sse.com.cn/stock/information/c/201903/01f6ae9149af46698df356b47afe4dc6.pdf",
    "报告期": "2019-03-31",
    "数据期": "2018-12-31",
    "所在页": 29,
    "资产总额": "433,314,600.00",
    "归属于母公司所有者权益": "346,757,800.00",
    "资产负债率（母公司）": 0.0685,
    "资产负债率（合并）": null,
    "营业收入": "247,848,700.00",
    "净利润": "44,962,400.00",
    "归属于母公司所有者的净利润": "44,962,400.00",
    "扣除非经常性损益后归属于母公司所有者的净利润": "43,129,800.00",
    "基本每股收益": 1.13,
    "稀释每股收益": 1.13,
    "加权平均净资产收益率": 0.133,
    "经营活动产生的现金流量净额": "59,763,000.0",
    "现金分红": "-",
    "研发投入占营业收入的比例": "21.64%",
    "息税折旧摊销前利润": ""
  },
  {
    "公司名称": "2019-03-29安集微电子科技（上海）股份有限公司科创板首次公开发行股票招股说明书（申报稿）",
    "原文链接": "http://static.sse.com.cn/stock/information/c/201903/01f6ae9149af46698df356b47afe4dc6.pdf",
    "报告期": "2019-03-31",
    "数据期": "2017-12-31",
    "所在页": 29,
    "资产总额": "353,547,200.00",
    "归属于母公司所有者权益": "301,772,600.00",
    "资产负债率（母公司）": 0.0684,
    "资产负债率（合并）": null,
    "营业收入": "232,427,100.00",
    "净利润": "39,739,100.00",
    "归属于母公司所有者的净利润": "39,739,100.00",
    "扣除非经常性损益后归属于母公司所有者的净利润": "37,226,200.00",
    "基本每股收益": 1,
    "稀释每股收益": 1,
    "加权平均净资产收益率": 0.1321,
    "经营活动产生的现金流量净额": "27,067,600.00",
    "现金分红": "-",
    "研发投入占营业收入的比例": "21.77%",
    "息税折旧摊销前利润": ""
  },
  {
    "公司名称": "2019-03-29安集微电子科技（上海）股份有限公司科创板首次公开发行股票招股说明书（申报稿）",
    "原文链接": "http://static.sse.com.cn/stock/information/c/201903/01f6ae9149af46698df356b47afe4dc6.pdf",
    "报告期": "2019-03-31",
    "数据期": "2016-12-31",
    "所在页": 29,
    "资产总额": "312,638,600.00",
    "归属于母公司所有者权益": "262,005,300.00",
    "资产负债率（母公司）": 0.1859,
    "资产负债率（合并）": null,
    "营业收入": "196,639,200.00",
    "净利润": "37,098,500.00",
    "归属于母公司所有者的净利润": "37,098,500.00",
    "扣除非经常性损益后归属于母公司所有者的净利润": "35,715,700.00",
    "基本每股收益": "不适用",
    "稀释每股收益": "不适用",
    "加权平均净资产收益率": 0.2817,
    "经营活动产生的现金流量净额": "45,067,100.00",
    "现金分红": "-",
    "研发投入占营业收入的比例": "21.81%",
    "息税折旧摊销前利润": ""
  },
  {
    "公司名称": "2019-04-09杭州安恒信息技术股份有限公司科创板首次公开发行股票招股说明书（申报稿）",
    "原文链接": "http://static.sse.com.cn/stock/information/c/201904/a1a470d5d11f4d6d960706edc9ea6ee1.pdf",
    "报告期": "2019-03-31",
    "数据期": "2019-01-03",
    "所在页": 47,
    "资产总额": "",
    "归属于母公司所有者权益": "",
    "资产负债率（母公司）": null,
    "资产负债率（合并）": null,
    "营业收入": "",
    "净利润": "",
    "归属于母公司所有者的净利润": "",
    "扣除非经常性损益后归属于母公司所有者的净利润": "",
    "基本每股收益": "",
    "稀释每股收益": "",
    "加权平均净资产收益率": null,
    "经营活动产生的现金流量净额": "",
    "现金分红": "",
    "研发投入占营业收入的比例": "",
    "息税折旧摊销前利润": ""
  },
  {
    "公司名称": "2019-04-09杭州安恒信息技术股份有限公司科创板首次公开发行股票招股说明书（申报稿）",
    "原文链接": "http://static.sse.com.cn/stock/information/c/201904/a1a470d5d11f4d6d960706edc9ea6ee1.pdf",
    "报告期": "2019-03-31",
    "数据期": "2018-12-31",
    "所在页": 47,
    "资产总额": "897,689,600.00",
    "归属于母公司所有者权益": "517,034,600.00",
    "资产负债率（母公司）": 0.3991,
    "资产负债率（合并）": null,
    "营业收入": "640,420,800.00",
    "净利润": "83,488,500.00",
    "归属于母公司所有者的净利润": "84,624,500.00",
    "扣除非经常性损益后归属于母公司所有者的净利润": "67,994,800.00",
    "基本每股收益": 1.52,
    "稀释每股收益": 1.52,
    "加权平均净资产收益率": 0.1778,
    "经营活动产生的现金流量净额": "95,982,600.00",
    "现金分红": "-",
    "研发投入占营业收入的比例": "23.73%",
    "息税折旧摊销前利润": ""
  },
  {
    "公司名称": "2019-04-09杭州安恒信息技术股份有限公司科创板首次公开发行股票招股说明书（申报稿）",
    "原文链接": "http://static.sse.com.cn/stock/information/c/201904/a1a470d5d11f4d6d960706edc9ea6ee1.pdf",
    "报告期": "2019-03-31",
    "数据期": "2017-12-31",
    "所在页": 47,
    "资产总额": "622,973,300.00",
    "归属于母公司所有者权益": "434,785,000.0",
    "资产负债率（母公司）": 0.2789,
    "资产负债率（合并）": null,
    "营业收入": "430,398,100.00",
    "净利润": "54,883,000.0",
    "归属于母公司所有者的净利润": "54,911,300.00",
    "扣除非经常性损益后归属于母公司所有者的净利润": "39,088,700.00",
    "基本每股收益": 1.07,
    "稀释每股收益": 1.07,
    "加权平均净资产收益率": 0.1833,
    "经营活动产生的现金流量净额": "68,869,400.00",
    "现金分红": "-",
    "研发投入占营业收入的比例": "22.29%",
    "息税折旧摊销前利润": ""
  },
  {
    "公司名称": "2019-04-09杭州安恒信息技术股份有限公司科创板首次公开发行股票招股说明书（申报稿）",
    "原文链接": "http://static.sse.com.cn/stock/information/c/201904/a1a470d5d11f4d6d960706edc9ea6ee1.pdf",
    "报告期": "2019-03-31",
    "数据期": "2016-12-31",
    "所在页": 47,
    "资产总额": "390,788,800.00",
    "归属于母公司所有者权益": "233,320,900.00",
    "资产负债率（母公司）": 0.3805,
    "资产负债率（合并）": null,
    "营业收入": "316,713,800.00",
    "净利润": "1,190,600.00",
    "归属于母公司所有者的净利润": "780,500.00",
    "扣除非经常性损益后归属于母公司所有者的净利润": "28,727,100.00",
    "基本每股收益": "-",
    "稀释每股收益": "-",
    "加权平均净资产收益率": 0.0035,
    "经营活动产生的现金流量净额": "63,754,900.00",
    "现金分红": "-",
    "研发投入占营业收入的比例": "20.8%",
    "息税折旧摊销前利润": ""
  },
  {
    "公司名称": "2019-04-04北京热景生物技术股份有限公司科创板首次公开发行股票招股说明书（申报稿）",
    "原文链接": "http://static.sse.com.cn/stock/information/c/201904/ec6c63ed7deb4d5d83eeef252cc48a6b.pdf",
    "报告期": "2019-03-31",
    "数据期": "2019-01-03",
    "所在页": 20,
    "资产总额": "",
    "归属于母公司所有者权益": "",
    "资产负债率（母公司）": null,
    "资产负债率（合并）": null,
    "营业收入": "",
    "净利润": "",
    "归属于母公司所有者的净利润": "",
    "扣除非经常性损益后归属于母公司所有者的净利润": "",
    "基本每股收益": "",
    "稀释每股收益": "",
    "加权平均净资产收益率": null,
    "经营活动产生的现金流量净额": "",
    "现金分红": "",
    "研发投入占营业收入的比例": "",
    "息税折旧摊销前利润": ""
  },
  {
    "公司名称": "2019-04-04北京热景生物技术股份有限公司科创板首次公开发行股票招股说明书（申报稿）",
    "原文链接": "http://static.sse.com.cn/stock/information/c/201904/ec6c63ed7deb4d5d83eeef252cc48a6b.pdf",
    "报告期": "2019-03-31",
    "数据期": "2018-12-31",
    "所在页": 20,
    "资产总额": "267,118,000.0",
    "归属于母公司所有者权益": "209,791,200.00",
    "资产负债率（母公司）": 0.2125,
    "资产负债率（合并）": null,
    "营业收入": "187,123,100.00",
    "净利润": "48,187,700.00",
    "归属于母公司所有者的净利润": "48,140,800.00",
    "扣除非经常性损益后归属于母公司所有者的净利润": "37,507,400.00",
    "基本每股收益": 0.8,
    "稀释每股收益": 0.8,
    "加权平均净资产收益率": 0.202,
    "经营活动产生的现金流量净额": "55,036,600.00",
    "现金分红": "-",
    "研发投入占营业收入的比例": "9.82%",
    "息税折旧摊销前利润": ""
  },
  {
    "公司名称": "2019-04-04北京热景生物技术股份有限公司科创板首次公开发行股票招股说明书（申报稿）",
    "原文链接": "http://static.sse.com.cn/stock/information/c/201904/ec6c63ed7deb4d5d83eeef252cc48a6b.pdf",
    "报告期": "2019-03-31",
    "数据期": "2017-12-31",
    "所在页": 20,
    "资产总额": "189,651,700.00",
    "归属于母公司所有者权益": "161,650,400.00",
    "资产负债率（母公司）": 0.1468,
    "资产负债率（合并）": null,
    "营业收入": "142,089,000.0",
    "净利润": "30,072,300.00",
    "归属于母公司所有者的净利润": "30,072,300.00",
    "扣除非经常性损益后归属于母公司所有者的净利润": "28,058,800.00",
    "基本每股收益": 0.6,
    "稀释每股收益": 0.6,
    "加权平均净资产收益率": 0.1922,
    "经营活动产生的现金流量净额": "22,950,000.0",
    "现金分红": "-",
    "研发投入占营业收入的比例": "11.0%",
    "息税折旧摊销前利润": ""
  },
  {
    "公司名称": "2019-04-04北京热景生物技术股份有限公司科创板首次公开发行股票招股说明书（申报稿）",
    "原文链接": "http://static.sse.com.cn/stock/information/c/201904/ec6c63ed7deb4d5d83eeef252cc48a6b.pdf",
    "报告期": "2019-03-31",
    "数据期": "2016-12-31",
    "所在页": 20,
    "资产总额": "160,116,500.00",
    "归属于母公司所有者权益": "130,976,300.00",
    "资产负债率（母公司）": 0.1803,
    "资产负债率（合并）": null,
    "营业收入": "122,195,800.00",
    "净利润": "28,799,500.00",
    "归属于母公司所有者的净利润": "28,799,500.00",
    "扣除非经常性损益后归属于母公司所有者的净利润": "27,135,600.00",
    "基本每股收益": 0.61,
    "稀释每股收益": 0.61,
    "加权平均净资产收益率": 0.3681,
    "经营活动产生的现金流量净额": "45,540,300.00",
    "现金分红": "-",
    "研发投入占营业收入的比例": "10.88%",
    "息税折旧摊销前利润": ""
  },
  {
    "公司名称": "2019-04-17九号机器人有限公司科创板公开发行存托凭证招股说明书（申报稿）",
    "原文链接": "http://static.sse.com.cn/stock/information/c/201904/6cb9b97495db4b80aeeb99eac8e35c49.pdf",
    "报告期": "2019-03-31",
    "数据期": "2019-01-03",
    "所在页": 35,
    "资产总额": "",
    "归属于母公司所有者权益": "",
    "资产负债率（母公司）": null,
    "资产负债率（合并）": null,
    "营业收入": "",
    "净利润": "",
    "归属于母公司所有者的净利润": "",
    "扣除非经常性损益后归属于母公司所有者的净利润": "",
    "基本每股收益": "",
    "稀释每股收益": "",
    "加权平均净资产收益率": null,
    "经营活动产生的现金流量净额": "",
    "现金分红": "",
    "研发投入占营业收入的比例": "",
    "息税折旧摊销前利润": ""
  },
  {
    "公司名称": "2019-04-17九号机器人有限公司科创板公开发行存托凭证招股说明书（申报稿）",
    "原文链接": "http://static.sse.com.cn/stock/information/c/201904/6cb9b97495db4b80aeeb99eac8e35c49.pdf",
    "报告期": "2019-03-31",
    "数据期": "2018-12-31",
    "所在页": 35,
    "资产总额": "3,701,142,800.00",
    "归属于母公司所有者权益": "-3,230,490,200.00",
    "资产负债率（母公司）": null,
    "资产负债率（合并）": 1.8728,
    "营业收入": "4,247,648,700.00",
    "净利润": "-1,799,278,100.00",
    "归属于母公司所有者的净利润": "-1,799,278,100.00",
    "扣除非经常性损益后归属于母公司所有者的净利润": "543,890,800.00",
    "基本每股收益": -6.57,
    "稀释每股收益": "不适用",
    "加权平均净资产收益率": null,
    "经营活动产生的现金流量净额": "376,606,800.00",
    "现金分红": "",
    "研发投入占营业收入的比例": "2.9%",
    "息税折旧摊销前利润": ""
  },
  {
    "公司名称": "2019-04-17九号机器人有限公司科创板公开发行存托凭证招股说明书（申报稿）",
    "原文链接": "http://static.sse.com.cn/stock/information/c/201904/6cb9b97495db4b80aeeb99eac8e35c49.pdf",
    "报告期": "2019-03-31",
    "数据期": "2017-12-31",
    "所在页": 35,
    "资产总额": "1,952,934,900.00",
    "归属于母公司所有者权益": "-1,264,981,300.00",
    "资产负债率（母公司）": null,
    "资产负债率（合并）": 1.6477,
    "营业收入": "1,381,301,400.00",
    "净利润": "-627,268,100.00",
    "归属于母公司所有者的净利润": "-627,268,100.00",
    "扣除非经常性损益后归属于母公司所有者的净利润": "-61,604,700.00",
    "基本每股收益": -2.29,
    "稀释每股收益": "不适用",
    "加权平均净资产收益率": null,
    "经营活动产生的现金流量净额": "137,476,400.00",
    "现金分红": "",
    "研发投入占营业收入的比例": "6.61%",
    "息税折旧摊销前利润": ""
  },
  {
    "公司名称": "2019-04-17九号机器人有限公司科创板公开发行存托凭证招股说明书（申报稿）",
    "原文链接": "http://static.sse.com.cn/stock/information/c/201904/6cb9b97495db4b80aeeb99eac8e35c49.pdf",
    "报告期": "2019-03-31",
    "数据期": "2016-12-31",
    "所在页": 35,
    "资产总额": "1,282,734,300.00",
    "归属于母公司所有者权益": "-720,333,400.00",
    "资产负债率（母公司）": null,
    "资产负债率（合并）": 1.5616,
    "营业收入": "1,152,877,700.00",
    "净利润": "-157,604,200.00",
    "归属于母公司所有者的净利润": "-157,604,200.00",
    "扣除非经常性损益后归属于母公司所有者的净利润": "44,401,800.00",
    "基本每股收益": -0.58,
    "稀释每股收益": "不适用",
    "加权平均净资产收益率": null,
    "经营活动产生的现金流量净额": "-45,138,500.00",
    "现金分红": "",
    "研发投入占营业收入的比例": "6.19%",
    "息税折旧摊销前利润": ""
  },
  {
    "公司名称": "2019-04-15北京佰仁医疗科技股份有限公司科创板首次公开发行股票招股说明书（申报稿）",
    "原文链接": "http://static.sse.com.cn/stock/information/c/201904/991182ca9ec949e6b50156cd25321306.pdf",
    "报告期": "2019-03-31",
    "数据期": "2019-01-03",
    "所在页": 20,
    "资产总额": "",
    "归属于母公司所有者权益": "",
    "资产负债率（母公司）": null,
    "资产负债率（合并）": null,
    "营业收入": "",
    "净利润": "",
    "归属于母公司所有者的净利润": "",
    "扣除非经常性损益后归属于母公司所有者的净利润": "",
    "基本每股收益": "",
    "稀释每股收益": "",
    "加权平均净资产收益率": null,
    "经营活动产生的现金流量净额": "",
    "现金分红": "",
    "研发投入占营业收入的比例": "",
    "息税折旧摊销前利润": ""
  },
  {
    "公司名称": "2019-04-15北京佰仁医疗科技股份有限公司科创板首次公开发行股票招股说明书（申报稿）",
    "原文链接": "http://static.sse.com.cn/stock/information/c/201904/991182ca9ec949e6b50156cd25321306.pdf",
    "报告期": "2019-03-31",
    "数据期": "2018-12-31",
    "所在页": 20,
    "资产总额": "210,048,900.00",
    "归属于母公司所有者权益": "196,614,800.00",
    "资产负债率（母公司）": 0.0659,
    "资产负债率（合并）": 0.0667,
    "营业收入": "110,648,000.0",
    "净利润": "49,592,500.00",
    "归属于母公司所有者的净利润": "49,852,400.00",
    "扣除非经常性损益后归属于母公司所有者的净利润": "48,026,300.00",
    "基本每股收益": 0.8,
    "稀释每股收益": 0.8,
    "加权平均净资产收益率": 0.3138,
    "经营活动产生的现金流量净额": "53,919,300.00",
    "现金分红": "25,000,000.0",
    "研发投入占营业收入的比例": "11.65%",
    "息税折旧摊销前利润": ""
  },
  {
    "公司名称": "2019-04-15北京佰仁医疗科技股份有限公司科创板首次公开发行股票招股说明书（申报稿）",
    "原文链接": "http://static.sse.com.cn/stock/information/c/201904/991182ca9ec949e6b50156cd25321306.pdf",
    "报告期": "2019-03-31",
    "数据期": "2017-12-31",
    "所在页": 20,
    "资产总额": "146,629,900.00",
    "归属于母公司所有者权益": "133,962,400.00",
    "资产负债率（母公司）": 0.0898,
    "资产负债率（合并）": 0.0885,
    "营业收入": "92,347,100.00",
    "净利润": "41,599,200.00",
    "归属于母公司所有者的净利润": "42,201,500.00",
    "扣除非经常性损益后归属于母公司所有者的净利润": "42,420,000.0",
    "基本每股收益": "-",
    "稀释每股收益": "-",
    "加权平均净资产收益率": 0.3668,
    "经营活动产生的现金流量净额": "46,383,000.0",
    "现金分红": "-",
    "研发投入占营业收入的比例": "12.75%",
    "息税折旧摊销前利润": ""
  },
  {
    "公司名称": "2019-04-15北京佰仁医疗科技股份有限公司科创板首次公开发行股票招股说明书（申报稿）",
    "原文链接": "http://static.sse.com.cn/stock/information/c/201904/991182ca9ec949e6b50156cd25321306.pdf",
    "报告期": "2019-03-31",
    "数据期": "2016-12-31",
    "所在页": 20,
    "资产总额": "123,520,000.0",
    "归属于母公司所有者权益": "93,963,000.0",
    "资产负债率（母公司）": 0.2209,
    "资产负债率（合并）": 0.2402,
    "营业收入": "78,459,900.00",
    "净利润": "31,012,000.0",
    "归属于母公司所有者的净利润": "31,172,400.00",
    "扣除非经常性损益后归属于母公司所有者的净利润": "31,236,100.00",
    "基本每股收益": "-",
    "稀释每股收益": "-",
    "加权平均净资产收益率": 0.3359,
    "经营活动产生的现金流量净额": "45,066,400.00",
    "现金分红": "14,433,200.00",
    "研发投入占营业收入的比例": "14.57%",
    "息税折旧摊销前利润": ""
  },
  {
    "公司名称": "2019-05-09罗克佳华科技集团股份有限公司科创板首次公开发行股票招股说明书（申报稿）",
    "原文链接": "http://static.sse.com.cn/stock/information/c/201905/bbeffd8efd7240eb8048c26c00e511db.pdf",
    "报告期": "2019-03-31",
    "数据期": "2019-01-03",
    "所在页": 19,
    "资产总额": "872,479,000.0",
    "归属于母公司所有者权益": "362,677,000.0",
    "资产负债率（母公司）": 0.3221,
    "资产负债率（合并）": null,
    "营业收入": "60,054,600.00",
    "净利润": "3,835,500.00",
    "归属于母公司所有者的净利润": "4,028,000.0",
    "扣除非经常性损益后归属于母公司所有者的净利润": "3,535,500.00",
    "基本每股收益": 0.08,
    "稀释每股收益": 0.08,
    "加权平均净资产收益率": 0.0403,
    "经营活动产生的现金流量净额": "-45,154,000.0",
    "现金分红": "-",
    "研发投入占营业收入的比例": "12.85%",
    "息税折旧摊销前利润": ""
  },
  {
    "公司名称": "2019-05-09罗克佳华科技集团股份有限公司科创板首次公开发行股票招股说明书（申报稿）",
    "原文链接": "http://static.sse.com.cn/stock/information/c/201905/bbeffd8efd7240eb8048c26c00e511db.pdf",
    "报告期": "2019-03-31",
    "数据期": "2018-12-31",
    "所在页": 19,
    "资产总额": "827,461,100.00",
    "归属于母公司所有者权益": "199,686,700.00",
    "资产负债率（母公司）": 0.7279,
    "资产负债率（合并）": null,
    "营业收入": "389,035,100.00",
    "净利润": "63,874,200.00",
    "归属于母公司所有者的净利润": "64,018,900.00",
    "扣除非经常性损益后归属于母公司所有者的净利润": "60,290,600.00",
    "基本每股收益": 1.28,
    "稀释每股收益": 1.28,
    "加权平均净资产收益率": 0.4718,
    "经营活动产生的现金流量净额": "65,909,000.0",
    "现金分红": "-",
    "研发投入占营业收入的比例": "6.64%",
    "息税折旧摊销前利润": ""
  },
  {
    "公司名称": "2019-05-09罗克佳华科技集团股份有限公司科创板首次公开发行股票招股说明书（申报稿）",
    "原文链接": "http://static.sse.com.cn/stock/information/c/201905/bbeffd8efd7240eb8048c26c00e511db.pdf",
    "报告期": "2019-03-31",
    "数据期": "2017-12-31",
    "所在页": 19,
    "资产总额": "705,213,100.00",
    "归属于母公司所有者权益": "135,683,400.00",
    "资产负债率（母公司）": 0.39,
    "资产负债率（合并）": null,
    "营业收入": "332,276,100.00",
    "净利润": "35,920,100.00",
    "归属于母公司所有者的净利润": "35,765,100.00",
    "扣除非经常性损益后归属于母公司所有者的净利润": "28,580,300.00",
    "基本每股收益": 0.72,
    "稀释每股收益": 0.72,
    "加权平均净资产收益率": 0.358,
    "经营活动产生的现金流量净额": "2,436,000.0",
    "现金分红": "-",
    "研发投入占营业收入的比例": "6.58%",
    "息税折旧摊销前利润": ""
  },
  {
    "公司名称": "2019-05-09罗克佳华科技集团股份有限公司科创板首次公开发行股票招股说明书（申报稿）",
    "原文链接": "http://static.sse.com.cn/stock/information/c/201905/bbeffd8efd7240eb8048c26c00e511db.pdf",
    "报告期": "2019-03-31",
    "数据期": "2016-12-31",
    "所在页": 19,
    "资产总额": "611,024,100.00",
    "归属于母公司所有者权益": "99,898,100.00",
    "资产负债率（母公司）": 0.3873,
    "资产负债率（合并）": null,
    "营业收入": "306,499,900.00",
    "净利润": "29,914,100.00",
    "归属于母公司所有者的净利润": "28,662,300.00",
    "扣除非经常性损益后归属于母公司所有者的净利润": "23,836,100.00",
    "基本每股收益": 1.36,
    "稀释每股收益": 1.36,
    "加权平均净资产收益率": 0.6057,
    "经营活动产生的现金流量净额": "41,905,500.00",
    "现金分红": "600,000.0",
    "研发投入占营业收入的比例": "8.66%",
    "息税折旧摊销前利润": ""
  },
  {
    "公司名称": "2019-05-09上海赛伦生物技术股份有限公司科创板首次公开发行股票招股说明书（申报稿）",
    "原文链接": "http://static.sse.com.cn/stock/information/c/201905/13c2bf9b82524743bec60001f525de3a.pdf",
    "报告期": "2019-03-31",
    "数据期": "2019-01-03",
    "所在页": 18,
    "资产总额": "",
    "归属于母公司所有者权益": "",
    "资产负债率（母公司）": null,
    "资产负债率（合并）": null,
    "营业收入": "",
    "净利润": "",
    "归属于母公司所有者的净利润": "",
    "扣除非经常性损益后归属于母公司所有者的净利润": "",
    "基本每股收益": "",
    "稀释每股收益": "",
    "加权平均净资产收益率": null,
    "经营活动产生的现金流量净额": "",
    "现金分红": "",
    "研发投入占营业收入的比例": "",
    "息税折旧摊销前利润": ""
  },
  {
    "公司名称": "2019-05-09上海赛伦生物技术股份有限公司科创板首次公开发行股票招股说明书（申报稿）",
    "原文链接": "http://static.sse.com.cn/stock/information/c/201905/13c2bf9b82524743bec60001f525de3a.pdf",
    "报告期": "2019-03-31",
    "数据期": "2018-12-31",
    "所在页": 18,
    "资产总额": "296,633,700.00",
    "归属于母公司所有者权益": "267,430,700.00",
    "资产负债率（母公司）": 0.0936,
    "资产负债率（合并）": null,
    "营业收入": "151,298,200.00",
    "净利润": "50,972,400.00",
    "归属于母公司所有者的净利润": "50,972,400.00",
    "扣除非经常性损益后归属于母公司所有者的净利润": "40,247,400.00",
    "基本每股收益": 0.63,
    "稀释每股收益": 0.63,
    "加权平均净资产收益率": 0.1859,
    "经营活动产生的现金流量净额": "42,423,600.00",
    "现金分红": "41,634,600.00",
    "研发投入占营业收入的比例": "8.37%",
    "息税折旧摊销前利润": ""
  },
  {
    "公司名称": "2019-05-09上海赛伦生物技术股份有限公司科创板首次公开发行股票招股说明书（申报稿）",
    "原文链接": "http://static.sse.com.cn/stock/information/c/201905/13c2bf9b82524743bec60001f525de3a.pdf",
    "报告期": "2019-03-31",
    "数据期": "2017-12-31",
    "所在页": 18,
    "资产总额": "275,848,800.00",
    "归属于母公司所有者权益": "251,544,000.0",
    "资产负债率（母公司）": 0.0826,
    "资产负债率（合并）": null,
    "营业收入": "122,382,700.00",
    "净利润": "100,317,800.00",
    "归属于母公司所有者的净利润": "100,317,800.00",
    "扣除非经常性损益后归属于母公司所有者的净利润": "32,359,900.00",
    "基本每股收益": 1.24,
    "稀释每股收益": 1.24,
    "加权平均净资产收益率": 0.4645,
    "经营活动产生的现金流量净额": "29,512,000.0",
    "现金分红": "30,840,800.00",
    "研发投入占营业收入的比例": "6.46%",
    "息税折旧摊销前利润": ""
  },
  {
    "公司名称": "2019-05-09上海赛伦生物技术股份有限公司科创板首次公开发行股票招股说明书（申报稿）",
    "原文链接": "http://static.sse.com.cn/stock/information/c/201905/13c2bf9b82524743bec60001f525de3a.pdf",
    "报告期": "2019-03-31",
    "数据期": "2016-12-31",
    "所在页": 18,
    "资产总额": "260,375,900.00",
    "归属于母公司所有者权益": "187,247,500.00",
    "资产负债率（母公司）": 0.2257,
    "资产负债率（合并）": null,
    "营业收入": "88,825,800.00",
    "净利润": "6,994,000.0",
    "归属于母公司所有者的净利润": "6,994,000.0",
    "扣除非经常性损益后归属于母公司所有者的净利润": "6,342,600.00",
    "基本每股收益": 0.1,
    "稀释每股收益": 0.1,
    "加权平均净资产收益率": 0.0618,
    "经营活动产生的现金流量净额": "20,579,000.0",
    "现金分红": "-",
    "研发投入占营业收入的比例": "22.23%",
    "息税折旧摊销前利润": ""
  },
  {
    "公司名称": "2019-03-29深圳传音控股股份有限公司科创板首次公开发行股票招股说明书（申报稿）",
    "原文链接": "http://static.sse.com.cn/stock/information/c/201903/757f8fcfe7114b899ccad0ac021f1a55.pdf",
    "报告期": "2019-03-31",
    "数据期": "2019-01-03",
    "所在页": 31,
    "资产总额": "",
    "归属于母公司所有者权益": "",
    "资产负债率（母公司）": null,
    "资产负债率（合并）": null,
    "营业收入": "",
    "净利润": "",
    "归属于母公司所有者的净利润": "",
    "扣除非经常性损益后归属于母公司所有者的净利润": "",
    "基本每股收益": "",
    "稀释每股收益": "",
    "加权平均净资产收益率": null,
    "经营活动产生的现金流量净额": "",
    "现金分红": "",
    "研发投入占营业收入的比例": "",
    "息税折旧摊销前利润": ""
  },
  {
    "公司名称": "2019-03-29深圳传音控股股份有限公司科创板首次公开发行股票招股说明书（申报稿）",
    "原文链接": "http://static.sse.com.cn/stock/information/c/201903/757f8fcfe7114b899ccad0ac021f1a55.pdf",
    "报告期": "2019-03-31",
    "数据期": "2018-12-31",
    "所在页": 31,
    "资产总额": "10,353,199,300.00",
    "归属于母公司所有者权益": "3,916,301,700.00",
    "资产负债率（母公司）": 0.0139,
    "资产负债率（合并）": null,
    "营业收入": "22,645,881,200.00",
    "净利润": "653,802,300.00",
    "归属于母公司所有者的净利润": "657,378,000.0",
    "扣除非经常性损益后归属于母公司所有者的净利润": "1,224,374,100.00",
    "基本每股收益": 0.91,
    "稀释每股收益": 0.91,
    "加权平均净资产收益率": 0.1849,
    "经营活动产生的现金流量净额": "2,073,322,200.00",
    "现金分红": "216,000,000.0",
    "研发投入占营业收入的比例": "3.14%",
    "息税折旧摊销前利润": ""
  },
  {
    "公司名称": "2019-03-29深圳传音控股股份有限公司科创板首次公开发行股票招股说明书（申报稿）",
    "原文链接": "http://static.sse.com.cn/stock/information/c/201903/757f8fcfe7114b899ccad0ac021f1a55.pdf",
    "报告期": "2019-03-31",
    "数据期": "2017-12-31",
    "所在页": 31,
    "资产总额": "8,748,163,100.00",
    "归属于母公司所有者权益": "3,193,886,600.00",
    "资产负债率（母公司）": 0.0508,
    "资产负债率（合并）": null,
    "营业收入": "20,043,626,300.00",
    "净利润": "677,259,100.00",
    "归属于母公司所有者的净利润": "671,454,200.00",
    "扣除非经常性损益后归属于母公司所有者的净利润": "629,079,100.00",
    "基本每股收益": 0.94,
    "稀释每股收益": 0.94,
    "加权平均净资产收益率": 0.2443,
    "经营活动产生的现金流量净额": "1,506,845,100.00",
    "现金分红": "756,000,000.0",
    "研发投入占营业收入的比例": "2.99%",
    "息税折旧摊销前利润": ""
  },
  {
    "公司名称": "2019-03-29深圳传音控股股份有限公司科创板首次公开发行股票招股说明书（申报稿）",
    "原文链接": "http://static.sse.com.cn/stock/information/c/201903/757f8fcfe7114b899ccad0ac021f1a55.pdf",
    "报告期": "2019-03-31",
    "数据期": "2016-12-31",
    "所在页": 31,
    "资产总额": "6,749,245,500.00",
    "归属于母公司所有者权益": "1,938,515,100.00",
    "资产负债率（母公司）": 0.0253,
    "资产负债率（合并）": null,
    "营业收入": "11,636,757,500.00",
    "净利润": "86,280,500.00",
    "归属于母公司所有者的净利润": "62,797,000.0",
    "扣除非经常性损益后归属于母公司所有者的净利润": "558,051,700.00",
    "基本每股收益": "不适用",
    "稀释每股收益": "不适用",
    "加权平均净资产收益率": 0.0743,
    "经营活动产生的现金流量净额": "621,806,800.00",
    "现金分红": "120,000,000.0",
    "研发投入占营业收入的比例": "3.31%",
    "息税折旧摊销前利润": ""
  },
  {
    "公司名称": "2019-03-27二十一世纪空间技术应用股份有限公司科创板首次公开发行股票招股说明书（申报稿）",
    "原文链接": "http://static.sse.com.cn/stock/information/c/201903/187746a0a2a748bdb3ff90fceb500f40.pdf",
    "报告期": "2019-03-31",
    "数据期": "2019-01-03",
    "所在页": 43,
    "资产总额": "",
    "归属于母公司所有者权益": "",
    "资产负债率（母公司）": null,
    "资产负债率（合并）": null,
    "营业收入": "",
    "净利润": "",
    "归属于母公司所有者的净利润": "",
    "扣除非经常性损益后归属于母公司所有者的净利润": "",
    "基本每股收益": "",
    "稀释每股收益": "",
    "加权平均净资产收益率": null,
    "经营活动产生的现金流量净额": "",
    "现金分红": "",
    "研发投入占营业收入的比例": "",
    "息税折旧摊销前利润": ""
  },
  {
    "公司名称": "2019-03-27二十一世纪空间技术应用股份有限公司科创板首次公开发行股票招股说明书（申报稿）",
    "原文链接": "http://static.sse.com.cn/stock/information/c/201903/187746a0a2a748bdb3ff90fceb500f40.pdf",
    "报告期": "2019-03-31",
    "数据期": "2018-12-31",
    "所在页": 43,
    "资产总额": "2,051,208,000.0",
    "归属于母公司所有者权益": "1,166,860,300.00",
    "资产负债率（母公司）": 0.4211,
    "资产负债率（合并）": null,
    "营业收入": "603,844,500.00",
    "净利润": "72,023,400.00",
    "归属于母公司所有者的净利润": "69,506,700.00",
    "扣除非经常性损益后归属于母公司所有者的净利润": "50,642,900.00",
    "基本每股收益": 0.38,
    "稀释每股收益": 0.38,
    "加权平均净资产收益率": 0.0615,
    "经营活动产生的现金流量净额": "174,366,900.00",
    "现金分红": "-",
    "研发投入占营业收入的比例": "10.26%",
    "息税折旧摊销前利润": "294,163,200.00"
  },
  {
    "公司名称": "2019-03-27二十一世纪空间技术应用股份有限公司科创板首次公开发行股票招股说明书（申报稿）",
    "原文链接": "http://static.sse.com.cn/stock/information/c/201903/187746a0a2a748bdb3ff90fceb500f40.pdf",
    "报告期": "2019-03-31",
    "数据期": "2017-12-31",
    "所在页": 43,
    "资产总额": "2,180,477,200.00",
    "归属于母公司所有者权益": "1,095,342,400.00",
    "资产负债率（母公司）": 0.4705,
    "资产负债率（合并）": null,
    "营业收入": "462,640,300.00",
    "净利润": "46,355,900.00",
    "归属于母公司所有者的净利润": "43,518,700.00",
    "扣除非经常性损益后归属于母公司所有者的净利润": "26,372,500.00",
    "基本每股收益": 0.24,
    "稀释每股收益": 0.24,
    "加权平均净资产收益率": 0.0405,
    "经营活动产生的现金流量净额": "-39,708,400.00",
    "现金分红": "-",
    "研发投入占营业收入的比例": "9.41%",
    "息税折旧摊销前利润": "270,097,000.0"
  },
  {
    "公司名称": "2019-03-27二十一世纪空间技术应用股份有限公司科创板首次公开发行股票招股说明书（申报稿）",
    "原文链接": "http://static.sse.com.cn/stock/information/c/201903/187746a0a2a748bdb3ff90fceb500f40.pdf",
    "报告期": "2019-03-31",
    "数据期": "2016-12-31",
    "所在页": 43,
    "资产总额": "2,107,113,000.0",
    "归属于母公司所有者权益": "1,051,405,000.0",
    "资产负债率（母公司）": 0.4822,
    "资产负债率（合并）": null,
    "营业收入": "286,276,300.00",
    "净利润": "15,849,700.00",
    "归属于母公司所有者的净利润": "15,520,300.00",
    "扣除非经常性损益后归属于母公司所有者的净利润": "387,900.00",
    "基本每股收益": 0.1,
    "稀释每股收益": 0.1,
    "加权平均净资产收益率": 0.0209,
    "经营活动产生的现金流量净额": "38,890,400.00",
    "现金分红": "-",
    "研发投入占营业收入的比例": "10.77%",
    "息税折旧摊销前利润": "157,156,500.00"
  },
  {
    "公司名称": "2019-03-27深圳光峰科技股份有限公司科创板首次公开发行股票招股说明书（申报稿）",
    "原文链接": "http://static.sse.com.cn/stock/information/c/201903/67987bd3eed64128964b7349bfe09470.pdf",
    "报告期": "2019-03-31",
    "数据期": "2019-01-03",
    "所在页": 19,
    "资产总额": "",
    "归属于母公司所有者权益": "",
    "资产负债率（母公司）": null,
    "资产负债率（合并）": null,
    "营业收入": "",
    "净利润": "",
    "归属于母公司所有者的净利润": "",
    "扣除非经常性损益后归属于母公司所有者的净利润": "",
    "基本每股收益": "",
    "稀释每股收益": "",
    "加权平均净资产收益率": null,
    "经营活动产生的现金流量净额": "",
    "现金分红": "",
    "研发投入占营业收入的比例": "",
    "息税折旧摊销前利润": ""
  },
  {
    "公司名称": "2019-03-27深圳光峰科技股份有限公司科创板首次公开发行股票招股说明书（申报稿）",
    "原文链接": "http://static.sse.com.cn/stock/information/c/201903/67987bd3eed64128964b7349bfe09470.pdf",
    "报告期": "2019-03-31",
    "数据期": "2018-12-31",
    "所在页": 19,
    "资产总额": 2073471500,
    "归属于母公司所有者权益": 715913500,
    "资产负债率（母公司）": 0.004104,
    "资产负债率（合并）": 0.006012,
    "营业收入": 1385727200,
    "净利润": 211551200,
    "归属于母公司所有者的净利润": 176971100,
    "扣除非经常性损益后归属于母公司所有者的净利润": 165011400,
    "基本每股收益": 0.73,
    "稀释每股收益": 0.73,
    "加权平均净资产收益率": 0.004125,
    "经营活动产生的现金流量净额": 117773500,
    "现金分红": "-",
    "研发投入占营业收入的比例": 0.0979,
    "息税折旧摊销前利润": ""
  },
  {
    "公司名称": "2019-03-27深圳光峰科技股份有限公司科创板首次公开发行股票招股说明书（申报稿）",
    "原文链接": "http://static.sse.com.cn/stock/information/c/201903/67987bd3eed64128964b7349bfe09470.pdf",
    "报告期": "2019-03-31",
    "数据期": "2017-12-31",
    "所在页": 19,
    "资产总额": 1037660600,
    "归属于母公司所有者权益": 70572200,
    "资产负债率（母公司）": 0.006425,
    "资产负债率（合并）": 0.008733,
    "营业收入": 805587900,
    "净利润": 112870400,
    "归属于母公司所有者的净利润": 105393400,
    "扣除非经常性损益后归属于母公司所有者的净利润": 132015200,
    "基本每股收益": "-",
    "稀释每股收益": "-",
    "加权平均净资产收益率": 0.019726,
    "经营活动产生的现金流量净额": -115179600,
    "现金分红": "-",
    "研发投入占营业收入的比例": 0.1158,
    "息税折旧摊销前利润": ""
  },
  {
    "公司名称": "2019-03-27深圳光峰科技股份有限公司科创板首次公开发行股票招股说明书（申报稿）",
    "原文链接": "http://static.sse.com.cn/stock/information/c/201903/67987bd3eed64128964b7349bfe09470.pdf",
    "报告期": "2019-03-31",
    "数据期": "2016-12-31",
    "所在页": 19,
    "资产总额": 493092200,
    "归属于母公司所有者权益": 48536900,
    "资产负债率（母公司）": 0.011518,
    "资产负债率（合并）": 0.008179,
    "营业收入": 354954700,
    "净利润": 18015000,
    "归属于母公司所有者的净利润": 13943600,
    "扣除非经常性损益后归属于母公司所有者的净利润": -15520500,
    "基本每股收益": "-",
    "稀释每股收益": "-",
    "加权平均净资产收益率": 0.003524,
    "经营活动产生的现金流量净额": -42764300,
    "现金分红": "-",
    "研发投入占营业收入的比例": 0.1976,
    "息税折旧摊销前利润": ""
  },
  {
    "公司名称": "2019-04-02聚辰半导体股份有限公司科创板首次公开发行股票招股说明书（申报稿）",
    "原文链接": "http://static.sse.com.cn/stock/information/c/201904/6b8647ddad81468b8f0aeb766029c6a7.pdf",
    "报告期": "2019-03-31",
    "数据期": "2019-01-03",
    "所在页": 46,
    "资产总额": "",
    "归属于母公司所有者权益": "",
    "资产负债率（母公司）": null,
    "资产负债率（合并）": null,
    "营业收入": "",
    "净利润": "",
    "归属于母公司所有者的净利润": "",
    "扣除非经常性损益后归属于母公司所有者的净利润": "",
    "基本每股收益": "",
    "稀释每股收益": "",
    "加权平均净资产收益率": null,
    "经营活动产生的现金流量净额": "",
    "现金分红": "",
    "研发投入占营业收入的比例": "",
    "息税折旧摊销前利润": ""
  },
  {
    "公司名称": "2019-04-02聚辰半导体股份有限公司科创板首次公开发行股票招股说明书（申报稿）",
    "原文链接": "http://static.sse.com.cn/stock/information/c/201904/6b8647ddad81468b8f0aeb766029c6a7.pdf",
    "报告期": "2019-03-31",
    "数据期": "2018-12-31",
    "所在页": 46,
    "资产总额": "402,178,900.00",
    "归属于母公司所有者权益": "332,752,800.00",
    "资产负债率（母公司）": 0.1603,
    "资产负债率（合并）": null,
    "营业收入": "432,192,200.00",
    "净利润": "103,372,400.00",
    "归属于母公司所有者的净利润": "103,372,400.00",
    "扣除非经常性损益后归属于母公司所有者的净利润": "100,641,200.00",
    "基本每股收益": 1.14,
    "稀释每股收益": 1.14,
    "加权平均净资产收益率": 0.3261,
    "经营活动产生的现金流量净额": "90,078,200.00",
    "现金分红": "30,000,000.0",
    "研发投入占营业收入的比例": "12.06%",
    "息税折旧摊销前利润": ""
  },
  {
    "公司名称": "2019-04-02聚辰半导体股份有限公司科创板首次公开发行股票招股说明书（申报稿）",
    "原文链接": "http://static.sse.com.cn/stock/information/c/201904/6b8647ddad81468b8f0aeb766029c6a7.pdf",
    "报告期": "2019-03-31",
    "数据期": "2017-12-31",
    "所在页": 46,
    "资产总额": "274,338,800.00",
    "归属于母公司所有者权益": "225,979,600.00",
    "资产负债率（母公司）": 0.1612,
    "资产负债率（合并）": null,
    "营业收入": "343,857,900.00",
    "净利润": "57,430,700.00",
    "归属于母公司所有者的净利润": "57,430,700.00",
    "扣除非经常性损益后归属于母公司所有者的净利润": "78,105,400.00",
    "基本每股收益": "不适用",
    "稀释每股收益": "不适用",
    "加权平均净资产收益率": 0.2697,
    "经营活动产生的现金流量净额": "76,605,500.00",
    "现金分红": "28,599,500.00",
    "研发投入占营业收入的比例": "13.75%",
    "息税折旧摊销前利润": ""
  },
  {
    "公司名称": "2019-04-02聚辰半导体股份有限公司科创板首次公开发行股票招股说明书（申报稿）",
    "原文链接": "http://static.sse.com.cn/stock/information/c/201904/6b8647ddad81468b8f0aeb766029c6a7.pdf",
    "报告期": "2019-03-31",
    "数据期": "2016-12-31",
    "所在页": 46,
    "资产总额": "222,064,500.00",
    "归属于母公司所有者权益": "170,763,000.0",
    "资产负债率（母公司）": 0.2209,
    "资产负债率（合并）": null,
    "营业收入": "306,753,700.00",
    "净利润": "34,672,500.00",
    "归属于母公司所有者的净利润": "34,672,500.00",
    "扣除非经常性损益后归属于母公司所有者的净利润": "63,880,500.00",
    "基本每股收益": "不适用",
    "稀释每股收益": "不适用",
    "加权平均净资产收益率": 0.2445,
    "经营活动产生的现金流量净额": "38,964,700.00",
    "现金分红": "37,811,400.00",
    "研发投入占营业收入的比例": "16.07%",
    "息税折旧摊销前利润": ""
  },
  {
    "公司名称": "2019-03-22江苏北人机器人系统股份有限公司科创板首次公开发行股票招股说明书（申报稿）",
    "原文链接": "http://static.sse.com.cn/stock/information/c/201903/2385eba7d6484febb7c6986e060749da.pdf",
    "报告期": "2019-03-31",
    "数据期": "2019-01-03",
    "所在页": 37,
    "资产总额": null,
    "归属于母公司所有者权益": null,
    "资产负债率（母公司）": 0,
    "资产负债率（合并）": 0,
    "营业收入": null,
    "净利润": null,
    "归属于母公司所有者的净利润": null,
    "扣除非经常性损益后归属于母公司所有者的净利润": null,
    "基本每股收益": null,
    "稀释每股收益": null,
    "加权平均净资产收益率": 0,
    "经营活动产生的现金流量净额": null,
    "现金分红": null,
    "研发投入占营业收入的比例": null,
    "息税折旧摊销前利润": null
  },
  {
    "公司名称": "2019-03-22江苏北人机器人系统股份有限公司科创板首次公开发行股票招股说明书（申报稿）",
    "原文链接": "http://static.sse.com.cn/stock/information/c/201903/2385eba7d6484febb7c6986e060749da.pdf",
    "报告期": "2019-03-31",
    "数据期": "2018-12-31",
    "所在页": 37,
    "资产总额": 807044600,
    "归属于母公司所有者权益": 346862800,
    "资产负债率（母公司）": 0.5546,
    "资产负债率（合并）": 0,
    "营业收入": 412624500,
    "净利润": 50130600,
    "归属于母公司所有者的净利润": 48414900,
    "扣除非经常性损益后归属于母公司所有者的净利润": 45652200,
    "基本每股收益": 0.58,
    "稀释每股收益": 0.58,
    "加权平均净资产收益率": 0.1688,
    "经营活动产生的现金流量净额": -17788000,
    "现金分红": 8250000,
    "研发投入占营业收入的比例": 3.07,
    "息税折旧摊销前利润": 8250000
  },
  {
    "公司名称": "2019-03-22江苏北人机器人系统股份有限公司科创板首次公开发行股票招股说明书（申报稿）",
    "原文链接": "http://static.sse.com.cn/stock/information/c/201903/2385eba7d6484febb7c6986e060749da.pdf",
    "报告期": "2019-03-31",
    "数据期": "2017-12-31",
    "所在页": 37,
    "资产总额": 624302000,
    "归属于母公司所有者权益": 232504500,
    "资产负债率（母公司）": 0.621,
    "资产负债率（合并）": 0,
    "营业收入": 250842300,
    "净利润": 33779500,
    "归属于母公司所有者的净利润": 34050000,
    "扣除非经常性损益后归属于母公司所有者的净利润": 26341900,
    "基本每股收益": 0.43,
    "稀释每股收益": 0.43,
    "加权平均净资产收益率": 0.1409,
    "经营活动产生的现金流量净额": -76967800,
    "现金分红": "-",
    "研发投入占营业收入的比例": 4.32,
    "息税折旧摊销前利润": "-"
  },
  {
    "公司名称": "2019-03-22江苏北人机器人系统股份有限公司科创板首次公开发行股票招股说明书（申报稿）",
    "原文链接": "http://static.sse.com.cn/stock/information/c/201903/2385eba7d6484febb7c6986e060749da.pdf",
    "报告期": "2019-03-31",
    "数据期": "2016-12-31",
    "所在页": 37,
    "资产总额": 354227600,
    "归属于母公司所有者权益": 84138900,
    "资产负债率（母公司）": 0.7631,
    "资产负债率（合并）": 0,
    "营业收入": 182758800,
    "净利润": 24288800,
    "归属于母公司所有者的净利润": 24288800,
    "扣除非经常性损益后归属于母公司所有者的净利润": 17369700,
    "基本每股收益": 0.36,
    "稀释每股收益": 0.36,
    "加权平均净资产收益率": 0.224,
    "经营活动产生的现金流量净额": 21286800,
    "现金分红": 13650000,
    "研发投入占营业收入的比例": 4.78,
    "息税折旧摊销前利润": 13650000
  },
  {
    "公司名称": "2019-04-15西部超导材料科技股份有限公司科创板首次公开发行股票招股说明书（申报稿）",
    "原文链接": "http://static.sse.com.cn/stock/information/c/201904/6bf10beacbb14322b2c61c1c9fc7627c.pdf",
    "报告期": "2019-03-31",
    "数据期": "2019-01-03",
    "所在页": 19,
    "资产总额": "",
    "归属于母公司所有者权益": "",
    "资产负债率（母公司）": null,
    "资产负债率（合并）": null,
    "营业收入": "",
    "净利润": "",
    "归属于母公司所有者的净利润": "",
    "扣除非经常性损益后归属于母公司所有者的净利润": "",
    "基本每股收益": "",
    "稀释每股收益": "",
    "加权平均净资产收益率": null,
    "经营活动产生的现金流量净额": "",
    "现金分红": "",
    "研发投入占营业收入的比例": "",
    "息税折旧摊销前利润": ""
  },
  {
    "公司名称": "2019-04-15西部超导材料科技股份有限公司科创板首次公开发行股票招股说明书（申报稿）",
    "原文链接": "http://static.sse.com.cn/stock/information/c/201904/6bf10beacbb14322b2c61c1c9fc7627c.pdf",
    "报告期": "2019-03-31",
    "数据期": "2018-12-31",
    "所在页": 19,
    "资产总额": "3,994,394,700.0",
    "归属于母公司所有者权益": "1,926,715,600.0",
    "资产负债率（母公司）": 0.5077,
    "资产负债率（合并）": null,
    "营业收入": "1,088,390,500.0",
    "净利润": "133,890,000.0",
    "归属于母公司所有者的净利润": "134,953,600.0",
    "扣除非经常性损益后归属于母公司所有者的净利润": "97,632,000.0",
    "基本每股收益": 0.3399,
    "稀释每股收益": 0.3399,
    "加权平均净资产收益率": 0.0711,
    "经营活动产生的现金流量净额": "243,591,000.0",
    "现金分红": "119,121,600.0",
    "研发投入占营业收入的比例": "8.32%",
    "息税折旧摊销前利润": ""
  },
  {
    "公司名称": "2019-04-15西部超导材料科技股份有限公司科创板首次公开发行股票招股说明书（申报稿）",
    "原文链接": "http://static.sse.com.cn/stock/information/c/201904/6bf10beacbb14322b2c61c1c9fc7627c.pdf",
    "报告期": "2019-03-31",
    "数据期": "2017-12-31",
    "所在页": 19,
    "资产总额": "3,500,378,800.0",
    "归属于母公司所有者权益": "1,905,750,700.0",
    "资产负债率（母公司）": 0.4396,
    "资产负债率（合并）": null,
    "营业收入": "967,331,600.0",
    "净利润": "142,901,000.0",
    "归属于母公司所有者的净利润": "141,984,300.0",
    "扣除非经常性损益后归属于母公司所有者的净利润": "98,461,400.0",
    "基本每股收益": 0.3576,
    "稀释每股收益": 0.3576,
    "加权平均净资产收益率": 0.0762,
    "经营活动产生的现金流量净额": "17,353,500.0",
    "现金分红": "119,121,600.0",
    "研发投入占营业收入的比例": "9.1%",
    "息税折旧摊销前利润": ""
  },
  {
    "公司名称": "2019-04-15西部超导材料科技股份有限公司科创板首次公开发行股票招股说明书（申报稿）",
    "原文链接": "http://static.sse.com.cn/stock/information/c/201904/6bf10beacbb14322b2c61c1c9fc7627c.pdf",
    "报告期": "2019-03-31",
    "数据期": "2016-12-31",
    "所在页": 19,
    "资产总额": "3,315,104,000.0",
    "归属于母公司所有者权益": "1,881,114,700.0",
    "资产负债率（母公司）": 0.4266,
    "资产负债率（合并）": null,
    "营业收入": "977,762,600.0",
    "净利润": "159,461,700.0",
    "归属于母公司所有者的净利润": "158,809,000.0",
    "扣除非经常性损益后归属于母公司所有者的净利润": "128,375,500.0",
    "基本每股收益": 0.4468,
    "稀释每股收益": 0.4468,
    "加权平均净资产收益率": 0.1407,
    "经营活动产生的现金流量净额": "31,832,500.0",
    "现金分红": "104,121,600.0",
    "研发投入占营业收入的比例": "6.53%",
    "息税折旧摊销前利润": ""
  },
  {
    "公司名称": "2019-04-12苏州工业园区凌志软件股份有限公司科创板首次公开发行股票招股说明书（申报稿）",
    "原文链接": "http://static.sse.com.cn/stock/information/c/201904/062e809b7f5a4edea227ab92b88de74a.pdf",
    "报告期": "2019-03-31",
    "数据期": "2019-01-03",
    "所在页": 23,
    "资产总额": "",
    "归属于母公司所有者权益": "",
    "资产负债率（母公司）": null,
    "资产负债率（合并）": null,
    "营业收入": "",
    "净利润": "",
    "归属于母公司所有者的净利润": "",
    "扣除非经常性损益后归属于母公司所有者的净利润": "",
    "基本每股收益": "",
    "稀释每股收益": "",
    "加权平均净资产收益率": null,
    "经营活动产生的现金流量净额": "",
    "现金分红": "",
    "研发投入占营业收入的比例": "",
    "息税折旧摊销前利润": ""
  },
  {
    "公司名称": "2019-04-12苏州工业园区凌志软件股份有限公司科创板首次公开发行股票招股说明书（申报稿）",
    "原文链接": "http://static.sse.com.cn/stock/information/c/201904/062e809b7f5a4edea227ab92b88de74a.pdf",
    "报告期": "2019-03-31",
    "数据期": "2018-12-31",
    "所在页": 23,
    "资产总额": "685,436,800.00",
    "归属于母公司所有者权益": "586,671,200.00",
    "资产负债率（母公司）": 0.101,
    "资产负债率（合并）": null,
    "营业收入": "467,052,900.00",
    "净利润": "91,230,100.00",
    "归属于母公司所有者的净利润": "91,343,300.00",
    "扣除非经常性损益后归属于母公司所有者的净利润": "89,315,000.0",
    "基本每股收益": 0.25,
    "稀释每股收益": 0.25,
    "加权平均净资产收益率": 0.1652,
    "经营活动产生的现金流量净额": "92,650,600.00",
    "现金分红": "36,000,000.0",
    "研发投入占营业收入的比例": "9.15%",
    "息税折旧摊销前利润": ""
  },
  {
    "公司名称": "2019-04-12苏州工业园区凌志软件股份有限公司科创板首次公开发行股票招股说明书（申报稿）",
    "原文链接": "http://static.sse.com.cn/stock/information/c/201904/062e809b7f5a4edea227ab92b88de74a.pdf",
    "报告期": "2019-03-31",
    "数据期": "2017-12-31",
    "所在页": 23,
    "资产总额": "598,819,400.00",
    "归属于母公司所有者权益": "531,158,700.00",
    "资产负债率（母公司）": 0.0697,
    "资产负债率（合并）": null,
    "营业收入": "382,810,400.00",
    "净利润": "77,572,100.00",
    "归属于母公司所有者的净利润": "77,817,700.00",
    "扣除非经常性损益后归属于母公司所有者的净利润": "57,367,500.00",
    "基本每股收益": 0.22,
    "稀释每股收益": 0.22,
    "加权平均净资产收益率": 0.1567,
    "经营活动产生的现金流量净额": "73,249,700.00",
    "现金分红": "14,400,000.0",
    "研发投入占营业收入的比例": "10.15%",
    "息税折旧摊销前利润": ""
  },
  {
    "公司名称": "2019-04-12苏州工业园区凌志软件股份有限公司科创板首次公开发行股票招股说明书（申报稿）",
    "原文链接": "http://static.sse.com.cn/stock/information/c/201904/062e809b7f5a4edea227ab92b88de74a.pdf",
    "报告期": "2019-03-31",
    "数据期": "2016-12-31",
    "所在页": 23,
    "资产总额": "510,000,700.00",
    "归属于母公司所有者权益": "467,364,100.00",
    "资产负债率（母公司）": 0.0588,
    "资产负债率（合并）": null,
    "营业收入": "313,649,100.00",
    "净利润": "52,074,900.00",
    "归属于母公司所有者的净利润": "52,074,900.00",
    "扣除非经常性损益后归属于母公司所有者的净利润": "39,573,000.0",
    "基本每股收益": 0.14,
    "稀释每股收益": 0.14,
    "加权平均净资产收益率": 0.1161,
    "经营活动产生的现金流量净额": "47,314,200.00",
    "现金分红": "9,953,700.00",
    "研发投入占营业收入的比例": "11.45%",
    "息税折旧摊销前利润": ""
  },
  {
    "公司名称": "2019-05-07深圳市有方科技股份有限公司科创板首次公开发行股票招股说明书（申报稿）",
    "原文链接": "http://static.sse.com.cn/stock/information/c/201905/5a9635fcd51c4005b34f16d658c77a08.pdf",
    "报告期": "2019-03-31",
    "数据期": "2019-01-03",
    "所在页": 17,
    "资产总额": "759,297,300.00",
    "归属于母公司所有者权益": "473,977,000.0",
    "资产负债率（母公司）": 0.3192,
    "资产负债率（合并）": null,
    "营业收入": "160,911,300.00",
    "净利润": "15,465,100.00",
    "归属于母公司所有者的净利润": "15,465,100.00",
    "扣除非经常性损益后归属于母公司所有者的净利润": "13,871,200.00",
    "基本每股收益": 0.23,
    "稀释每股收益": 0.23,
    "加权平均净资产收益率": 0.0356,
    "经营活动产生的现金流量净额": "8,745,000.0",
    "现金分红": "-",
    "研发投入占营业收入的比例": "7.56%",
    "息税折旧摊销前利润": ""
  },
  {
    "公司名称": "2019-05-07深圳市有方科技股份有限公司科创板首次公开发行股票招股说明书（申报稿）",
    "原文链接": "http://static.sse.com.cn/stock/information/c/201905/5a9635fcd51c4005b34f16d658c77a08.pdf",
    "报告期": "2019-03-31",
    "数据期": "2018-12-31",
    "所在页": 17,
    "资产总额": "731,259,400.00",
    "归属于母公司所有者权益": "426,911,900.00",
    "资产负债率（母公司）": 0.3339,
    "资产负债率（合并）": null,
    "营业收入": "557,135,600.00",
    "净利润": "43,243,100.00",
    "归属于母公司所有者的净利润": "43,243,100.00",
    "扣除非经常性损益后归属于母公司所有者的净利润": "37,579,800.00",
    "基本每股收益": 0.71,
    "稀释每股收益": 0.71,
    "加权平均净资产收益率": 0.1379,
    "经营活动产生的现金流量净额": "-77,362,700.00",
    "现金分红": "17,920,000.0",
    "研发投入占营业收入的比例": "7.28%",
    "息税折旧摊销前利润": ""
  },
  {
    "公司名称": "2019-05-07深圳市有方科技股份有限公司科创板首次公开发行股票招股说明书（申报稿）",
    "原文链接": "http://static.sse.com.cn/stock/information/c/201905/5a9635fcd51c4005b34f16d658c77a08.pdf",
    "报告期": "2019-03-31",
    "数据期": "2017-12-31",
    "所在页": 17,
    "资产总额": "432,128,600.00",
    "归属于母公司所有者权益": "231,588,800.00",
    "资产负债率（母公司）": 0.385,
    "资产负债率（合并）": null,
    "营业收入": "498,969,200.00",
    "净利润": "51,632,100.00",
    "归属于母公司所有者的净利润": "51,632,100.00",
    "扣除非经常性损益后归属于母公司所有者的净利润": "47,817,100.00",
    "基本每股收益": 0.92,
    "稀释每股收益": 0.92,
    "加权平均净资产收益率": 0.2509,
    "经营活动产生的现金流量净额": "-63,291,100.00",
    "现金分红": "-",
    "研发投入占营业收入的比例": "4.92%",
    "息税折旧摊销前利润": ""
  },
  {
    "公司名称": "2019-05-07深圳市有方科技股份有限公司科创板首次公开发行股票招股说明书（申报稿）",
    "原文链接": "http://static.sse.com.cn/stock/information/c/201905/5a9635fcd51c4005b34f16d658c77a08.pdf",
    "报告期": "2019-03-31",
    "数据期": "2016-12-31",
    "所在页": 17,
    "资产总额": "285,170,200.00",
    "归属于母公司所有者权益": "179,956,700.00",
    "资产负债率（母公司）": 0.3656,
    "资产负债率（合并）": null,
    "营业收入": "328,037,500.00",
    "净利润": "21,535,700.00",
    "归属于母公司所有者的净利润": "21,535,700.00",
    "扣除非经常性损益后归属于母公司所有者的净利润": "20,209,000.0",
    "基本每股收益": 0.43,
    "稀释每股收益": 0.43,
    "加权平均净资产收益率": 0.2063,
    "经营活动产生的现金流量净额": "-36,097,100.00",
    "现金分红": "-",
    "研发投入占营业收入的比例": "5.21%",
    "息税折旧摊销前利润": ""
  },
  {
    "公司名称": "2019-04-02苏州天准科技股份有限公司科创板首次公开发行股票招股说明书（申报稿）",
    "原文链接": "http://static.sse.com.cn/stock/information/c/201904/15a72a654ed94972b5c51752e633018f.pdf",
    "报告期": "2019-03-31",
    "数据期": "2019-01-03",
    "所在页": 36,
    "资产总额": "",
    "归属于母公司所有者权益": "",
    "资产负债率（母公司）": null,
    "资产负债率（合并）": null,
    "营业收入": "",
    "净利润": "",
    "归属于母公司所有者的净利润": "",
    "扣除非经常性损益后归属于母公司所有者的净利润": "",
    "基本每股收益": "",
    "稀释每股收益": "",
    "加权平均净资产收益率": null,
    "经营活动产生的现金流量净额": "",
    "现金分红": "",
    "研发投入占营业收入的比例": "",
    "息税折旧摊销前利润": ""
  },
  {
    "公司名称": "2019-04-02苏州天准科技股份有限公司科创板首次公开发行股票招股说明书（申报稿）",
    "原文链接": "http://static.sse.com.cn/stock/information/c/201904/15a72a654ed94972b5c51752e633018f.pdf",
    "报告期": "2019-03-31",
    "数据期": "2018-12-31",
    "所在页": 36,
    "资产总额": "635,099,400.00",
    "归属于母公司所有者权益": "419,304,100.00",
    "资产负债率（母公司）": 0.3812,
    "资产负债率（合并）": 0.3398,
    "营业收入": "508,280,000.0",
    "净利润": "94,473,300.00",
    "归属于母公司所有者的净利润": "94,473,300.00",
    "扣除非经常性损益后归属于母公司所有者的净利润": "85,881,500.00",
    "基本每股收益": 0.66,
    "稀释每股收益": 0.66,
    "加权平均净资产收益率": 0.263,
    "经营活动产生的现金流量净额": "98,292,100.00",
    "现金分红": "21,780,000.0",
    "研发投入占营业收入的比例": "15.66%",
    "息税折旧摊销前利润": ""
  },
  {
    "公司名称": "2019-04-02苏州天准科技股份有限公司科创板首次公开发行股票招股说明书（申报稿）",
    "原文链接": "http://static.sse.com.cn/stock/information/c/201904/15a72a654ed94972b5c51752e633018f.pdf",
    "报告期": "2019-03-31",
    "数据期": "2017-12-31",
    "所在页": 36,
    "资产总额": "404,576,700.00",
    "归属于母公司所有者权益": "268,610,800.00",
    "资产负债率（母公司）": 0.3862,
    "资产负债率（合并）": 0.3361,
    "营业收入": "319,201,200.00",
    "净利润": "51,580,700.00",
    "归属于母公司所有者的净利润": "51,580,700.00",
    "扣除非经常性损益后归属于母公司所有者的净利润": "40,099,200.00",
    "基本每股收益": 0.37,
    "稀释每股收益": 0.37,
    "加权平均净资产收益率": 0.211,
    "经营活动产生的现金流量净额": "51,551,200.00",
    "现金分红": "21,000,000.0",
    "研发投入占营业收入的比例": "18.66%",
    "息税折旧摊销前利润": ""
  },
  {
    "公司名称": "2019-04-02苏州天准科技股份有限公司科创板首次公开发行股票招股说明书（申报稿）",
    "原文链接": "http://static.sse.com.cn/stock/information/c/201904/15a72a654ed94972b5c51752e633018f.pdf",
    "报告期": "2019-03-31",
    "数据期": "2016-12-31",
    "所在页": 36,
    "资产总额": "245,318,700.00",
    "归属于母公司所有者权益": "195,563,100.00",
    "资产负债率（母公司）": 0.2714,
    "资产负债率（合并）": 0.2028,
    "营业收入": "180,849,600.00",
    "净利润": "31,635,900.00",
    "归属于母公司所有者的净利润": "31,635,900.00",
    "扣除非经常性损益后归属于母公司所有者的净利润": "21,910,800.00",
    "基本每股收益": 0.23,
    "稀释每股收益": 0.23,
    "加权平均净资产收益率": 0.167,
    "经营活动产生的现金流量净额": "15,572,000.0",
    "现金分红": "13,660,000.0",
    "研发投入占营业收入的比例": "26.22%",
    "息税折旧摊销前利润": ""
  },
  {
    "公司名称": "2019-04-12北京天宜上佳高新材料股份有限公司科创板首次公开发行股票招股说明书（申报稿）",
    "原文链接": "http://static.sse.com.cn/stock/information/c/201904/0424c1a181ae4021a881bb3b2c3e3a03.pdf",
    "报告期": "2019-03-31",
    "数据期": "2019-01-03",
    "所在页": 15,
    "资产总额": "",
    "归属于母公司所有者权益": "",
    "资产负债率（母公司）": null,
    "资产负债率（合并）": null,
    "营业收入": "",
    "净利润": "",
    "归属于母公司所有者的净利润": "",
    "扣除非经常性损益后归属于母公司所有者的净利润": "",
    "基本每股收益": "",
    "稀释每股收益": "",
    "加权平均净资产收益率": null,
    "经营活动产生的现金流量净额": "",
    "现金分红": "",
    "研发投入占营业收入的比例": "",
    "息税折旧摊销前利润": ""
  },
  {
    "公司名称": "2019-04-12北京天宜上佳高新材料股份有限公司科创板首次公开发行股票招股说明书（申报稿）",
    "原文链接": "http://static.sse.com.cn/stock/information/c/201904/0424c1a181ae4021a881bb3b2c3e3a03.pdf",
    "报告期": "2019-03-31",
    "数据期": "2018-12-31",
    "所在页": 15,
    "资产总额": "1,358,065,400.0",
    "归属于母公司所有者权益": "1,230,089,700.0",
    "资产负债率（母公司）": 0.0532,
    "资产负债率（合并）": null,
    "营业收入": "557,896,200.0",
    "净利润": "263,110,300.0",
    "归属于母公司所有者的净利润": "263,110,300.0",
    "扣除非经常性损益后归属于母公司所有者的净利润": "258,828,900.0",
    "基本每股收益": 0.66,
    "稀释每股收益": 0.66,
    "加权平均净资产收益率": 0.00239,
    "经营活动产生的现金流量净额": "2,439,932,000,000.0",
    "现金分红": "681,457,000,000.0",
    "研发投入占营业收入的比例": "5.78%",
    "息税折旧摊销前利润": ""
  },
  {
    "公司名称": "2019-04-12北京天宜上佳高新材料股份有限公司科创板首次公开发行股票招股说明书（申报稿）",
    "原文链接": "http://static.sse.com.cn/stock/information/c/201904/0424c1a181ae4021a881bb3b2c3e3a03.pdf",
    "报告期": "2019-03-31",
    "数据期": "2017-12-31",
    "所在页": 15,
    "资产总额": "1,113,451,600.0",
    "归属于母公司所有者权益": "1,034,759,000.0",
    "资产负债率（母公司）": 0.0644,
    "资产负债率（合并）": null,
    "营业收入": "507,134,000.0",
    "净利润": "221,930,900.0",
    "归属于母公司所有者的净利润": "221,930,900.0",
    "扣除非经常性损益后归属于母公司所有者的净利润": "212,999,600.0",
    "基本每股收益": 0.55,
    "稀释每股收益": 0.55,
    "加权平均净资产收益率": 0.002164,
    "经营活动产生的现金流量净额": "1,345,384,000,000.0",
    "现金分红": "1,823,900,000,000.0",
    "研发投入占营业收入的比例": "7.06%",
    "息税折旧摊销前利润": ""
  },
  {
    "公司名称": "2019-04-12北京天宜上佳高新材料股份有限公司科创板首次公开发行股票招股说明书（申报稿）",
    "原文链接": "http://static.sse.com.cn/stock/information/c/201904/0424c1a181ae4021a881bb3b2c3e3a03.pdf",
    "报告期": "2019-03-31",
    "数据期": "2016-12-31",
    "所在页": 15,
    "资产总额": "1,060,139,200.0",
    "归属于母公司所有者权益": "994,969,800.0",
    "资产负债率（母公司）": 0.0612,
    "资产负债率（合并）": null,
    "营业收入": "468,421,800.0",
    "净利润": "194,542,300.0",
    "归属于母公司所有者的净利润": "194,542,300.0",
    "扣除非经常性损益后归属于母公司所有者的净利润": "195,470,100.0",
    "基本每股收益": 0.81,
    "稀释每股收益": 0.81,
    "加权平均净资产收益率": 0.004902,
    "经营活动产生的现金流量净额": "926,178,000,000.0",
    "现金分红": "1,000,000,000,000.0",
    "研发投入占营业收入的比例": "5.2%",
    "息税折旧摊销前利润": ""
  },
  {
    "公司名称": "2019-04-12广东华特气体股份有限公司科创板首次公开发行股票招股说明书（申报稿）",
    "原文链接": "http://static.sse.com.cn/stock/information/c/201904/afb9edb2c43e4747a691c9e3e7987f4f.pdf",
    "报告期": "2019-03-31",
    "数据期": "2019-01-03",
    "所在页": 27,
    "资产总额": "",
    "归属于母公司所有者权益": "",
    "资产负债率（母公司）": null,
    "资产负债率（合并）": null,
    "营业收入": "",
    "净利润": "",
    "归属于母公司所有者的净利润": "",
    "扣除非经常性损益后归属于母公司所有者的净利润": "",
    "基本每股收益": "",
    "稀释每股收益": "",
    "加权平均净资产收益率": null,
    "经营活动产生的现金流量净额": "",
    "现金分红": "",
    "研发投入占营业收入的比例": "",
    "息税折旧摊销前利润": ""
  },
  {
    "公司名称": "2019-04-12广东华特气体股份有限公司科创板首次公开发行股票招股说明书（申报稿）",
    "原文链接": "http://static.sse.com.cn/stock/information/c/201904/afb9edb2c43e4747a691c9e3e7987f4f.pdf",
    "报告期": "2019-03-31",
    "数据期": "2018-12-31",
    "所在页": 27,
    "资产总额": "719,021,800.00",
    "归属于母公司所有者权益": "553,585,100.00",
    "资产负债率（母公司）": 0.1879,
    "资产负债率（合并）": null,
    "营业收入": "817,543,700.00",
    "净利润": "67,892,200.00",
    "归属于母公司所有者的净利润": "67,892,200.00",
    "扣除非经常性损益后归属于母公司所有者的净利润": "62,042,900.00",
    "基本每股收益": 0.75,
    "稀释每股收益": 0.75,
    "加权平均净资产收益率": 0.1286,
    "经营活动产生的现金流量净额": "41,720,700.00",
    "现金分红": "20,000,000.0",
    "研发投入占营业收入的比例": "2.64%",
    "息税折旧摊销前利润": ""
  },
  {
    "公司名称": "2019-04-12广东华特气体股份有限公司科创板首次公开发行股票招股说明书（申报稿）",
    "原文链接": "http://static.sse.com.cn/stock/information/c/201904/afb9edb2c43e4747a691c9e3e7987f4f.pdf",
    "报告期": "2019-03-31",
    "数据期": "2017-12-31",
    "所在页": 27,
    "资产总额": "683,872,100.00",
    "归属于母公司所有者权益": "502,173,400.00",
    "资产负债率（母公司）": 0.2316,
    "资产负债率（合并）": null,
    "营业收入": "786,829,600.00",
    "净利润": "48,376,300.00",
    "归属于母公司所有者的净利润": "48,376,300.00",
    "扣除非经常性损益后归属于母公司所有者的净利润": "46,804,600.00",
    "基本每股收益": 0.54,
    "稀释每股收益": 0.54,
    "加权平均净资产收益率": 0.0999,
    "经营活动产生的现金流量净额": "91,835,600.00",
    "现金分红": "9,900,000.0",
    "研发投入占营业收入的比例": "2.42%",
    "息税折旧摊销前利润": ""
  },
  {
    "公司名称": "2019-04-12广东华特气体股份有限公司科创板首次公开发行股票招股说明书（申报稿）",
    "原文链接": "http://static.sse.com.cn/stock/information/c/201904/afb9edb2c43e4747a691c9e3e7987f4f.pdf",
    "报告期": "2019-03-31",
    "数据期": "2016-12-31",
    "所在页": 27,
    "资产总额": "645,941,100.00",
    "归属于母公司所有者权益": "468,421,900.00",
    "资产负债率（母公司）": 0.2458,
    "资产负债率（合并）": null,
    "营业收入": "657,287,600.00",
    "净利润": "38,546,800.00",
    "归属于母公司所有者的净利润": "38,546,800.00",
    "扣除非经常性损益后归属于母公司所有者的净利润": "30,354,800.00",
    "基本每股收益": 0.43,
    "稀释每股收益": 0.43,
    "加权平均净资产收益率": 0.0858,
    "经营活动产生的现金流量净额": "74,220,200.00",
    "现金分红": "5,000,000.0",
    "研发投入占营业收入的比例": "2.46%",
    "息税折旧摊销前利润": ""
  },
  {
    "公司名称": "2019-04-10上海柏楚电子科技股份有限公司科创板首次公开发行股票招股说明书（申报稿）",
    "原文链接": "http://static.sse.com.cn/stock/information/c/201904/6788d4e183fd454bbd7feb9db36bd297.pdf",
    "报告期": "2019-03-31",
    "数据期": "2019-01-03",
    "所在页": 45,
    "资产总额": "",
    "归属于母公司所有者权益": "",
    "资产负债率（母公司）": null,
    "资产负债率（合并）": null,
    "营业收入": "",
    "净利润": "",
    "归属于母公司所有者的净利润": "",
    "扣除非经常性损益后归属于母公司所有者的净利润": "",
    "基本每股收益": "",
    "稀释每股收益": "",
    "加权平均净资产收益率": null,
    "经营活动产生的现金流量净额": "",
    "现金分红": "",
    "研发投入占营业收入的比例": "",
    "息税折旧摊销前利润": ""
  },
  {
    "公司名称": "2019-04-10上海柏楚电子科技股份有限公司科创板首次公开发行股票招股说明书（申报稿）",
    "原文链接": "http://static.sse.com.cn/stock/information/c/201904/6788d4e183fd454bbd7feb9db36bd297.pdf",
    "报告期": "2019-03-31",
    "数据期": "2018-12-31",
    "所在页": 45,
    "资产总额": 1358065400,
    "归属于母公司所有者权益": 1230089700,
    "资产负债率（母公司）": 0.000532,
    "资产负债率（合并）": 0,
    "营业收入": 557896200,
    "净利润": 263110300,
    "归属于母公司所有者的净利润": 263110300,
    "扣除非经常性损益后归属于母公司所有者的净利润": 258828900,
    "基本每股收益": 0.66,
    "稀释每股收益": 0.66,
    "加权平均净资产收益率": 0.2429,
    "经营活动产生的现金流量净额": 243993200,
    "现金分红": 68145700,
    "研发投入占营业收入的比例": 0.0578,
    "息税折旧摊销前利润": ""
  },
  {
    "公司名称": "2019-04-10上海柏楚电子科技股份有限公司科创板首次公开发行股票招股说明书（申报稿）",
    "原文链接": "http://static.sse.com.cn/stock/information/c/201904/6788d4e183fd454bbd7feb9db36bd297.pdf",
    "报告期": "2019-03-31",
    "数据期": "2017-12-31",
    "所在页": 45,
    "资产总额": 1113451600,
    "归属于母公司所有者权益": 1034759000,
    "资产负债率（母公司）": 0.000644,
    "资产负债率（合并）": 0,
    "营业收入": 507134000,
    "净利润": 221930900,
    "归属于母公司所有者的净利润": 221930900,
    "扣除非经常性损益后归属于母公司所有者的净利润": 212999600,
    "基本每股收益": 0.55,
    "稀释每股收益": 0.55,
    "加权平均净资产收益率": 0.2255,
    "经营活动产生的现金流量净额": 134538400,
    "现金分红": 182390000,
    "研发投入占营业收入的比例": 0.0706,
    "息税折旧摊销前利润": ""
  },
  {
    "公司名称": "2019-04-10上海柏楚电子科技股份有限公司科创板首次公开发行股票招股说明书（申报稿）",
    "原文链接": "http://static.sse.com.cn/stock/information/c/201904/6788d4e183fd454bbd7feb9db36bd297.pdf",
    "报告期": "2019-03-31",
    "数据期": "2016-12-31",
    "所在页": 45,
    "资产总额": 1060139200,
    "归属于母公司所有者权益": 994969800,
    "资产负债率（母公司）": 0.000612,
    "资产负债率（合并）": 0,
    "营业收入": 468421800,
    "净利润": 194542300,
    "归属于母公司所有者的净利润": 194542300,
    "扣除非经常性损益后归属于母公司所有者的净利润": 195470100,
    "基本每股收益": 0.81,
    "稀释每股收益": 0.81,
    "加权平均净资产收益率": 0.4874,
    "经营活动产生的现金流量净额": 92617800,
    "现金分红": 100000000,
    "研发投入占营业收入的比例": 0.052,
    "息税折旧摊销前利润": ""
  },
  {
    "公司名称": "2019-03-29杭州当虹科技股份有限公司科创板首次公开发行股票招股说明书（申报稿）",
    "原文链接": "http://static.sse.com.cn/stock/information/c/201903/42a8fd6d5018496f8ee2aca30b600a1d.pdf",
    "报告期": "2019-03-31",
    "数据期": "2019-01-03",
    "所在页": 20,
    "资产总额": "",
    "归属于母公司所有者权益": "",
    "资产负债率（母公司）": null,
    "资产负债率（合并）": null,
    "营业收入": "",
    "净利润": "",
    "归属于母公司所有者的净利润": "",
    "扣除非经常性损益后归属于母公司所有者的净利润": "",
    "基本每股收益": "",
    "稀释每股收益": "",
    "加权平均净资产收益率": null,
    "经营活动产生的现金流量净额": "",
    "现金分红": "",
    "研发投入占营业收入的比例": "",
    "息税折旧摊销前利润": ""
  },
  {
    "公司名称": "2019-03-29杭州当虹科技股份有限公司科创板首次公开发行股票招股说明书（申报稿）",
    "原文链接": "http://static.sse.com.cn/stock/information/c/201903/42a8fd6d5018496f8ee2aca30b600a1d.pdf",
    "报告期": "2019-03-31",
    "数据期": "2018-12-31",
    "所在页": 20,
    "资产总额": "445,756,500.00",
    "归属于母公司所有者权益": "383,256,800.00",
    "资产负债率（母公司）": null,
    "资产负债率（合并）": 0.1402,
    "营业收入": "203,551,900.00",
    "净利润": "63,898,100.00",
    "归属于母公司所有者的净利润": "63,898,100.00",
    "扣除非经常性损益后归属于母公司所有者的净利润": "61,327,000.0",
    "基本每股收益": 1.06,
    "稀释每股收益": 1.06,
    "加权平均净资产收益率": 0.1819,
    "经营活动产生的现金流量净额": "6,205,500.00",
    "现金分红": "-",
    "研发投入占营业收入的比例": "17.99%",
    "息税折旧摊销前利润": ""
  },
  {
    "公司名称": "2019-03-29杭州当虹科技股份有限公司科创板首次公开发行股票招股说明书（申报稿）",
    "原文链接": "http://static.sse.com.cn/stock/information/c/201903/42a8fd6d5018496f8ee2aca30b600a1d.pdf",
    "报告期": "2019-03-31",
    "数据期": "2017-12-31",
    "所在页": 20,
    "资产总额": "354,009,900.00",
    "归属于母公司所有者权益": "319,358,700.00",
    "资产负债率（母公司）": null,
    "资产负债率（合并）": 0.0979,
    "营业收入": "138,984,200.00",
    "净利润": "40,681,200.00",
    "归属于母公司所有者的净利润": "40,681,200.00",
    "扣除非经常性损益后归属于母公司所有者的净利润": "38,231,200.00",
    "基本每股收益": 0.68,
    "稀释每股收益": 0.68,
    "加权平均净资产收益率": 0.1717,
    "经营活动产生的现金流量净额": "14,410,500.00",
    "现金分红": "11,300,000.0",
    "研发投入占营业收入的比例": "19.62%",
    "息税折旧摊销前利润": ""
  },
  {
    "公司名称": "2019-03-29杭州当虹科技股份有限公司科创板首次公开发行股票招股说明书（申报稿）",
    "原文链接": "http://static.sse.com.cn/stock/information/c/201903/42a8fd6d5018496f8ee2aca30b600a1d.pdf",
    "报告期": "2019-03-31",
    "数据期": "2016-12-31",
    "所在页": 20,
    "资产总额": "112,926,500.00",
    "归属于母公司所有者权益": "100,977,500.00",
    "资产负债率（母公司）": null,
    "资产负债率（合并）": 0.1058,
    "营业收入": "101,513,300.00",
    "净利润": "35,674,100.00",
    "归属于母公司所有者的净利润": "35,674,100.00",
    "扣除非经常性损益后归属于母公司所有者的净利润": "34,712,500.00",
    "基本每股收益": "-",
    "稀释每股收益": "-",
    "加权平均净资产收益率": 0.4517,
    "经营活动产生的现金流量净额": "5,251,400.00",
    "现金分红": "-",
    "研发投入占营业收入的比例": "19.67%",
    "息税折旧摊销前利润": ""
  },
  {
    "公司名称": "2019-04-03南京微创医学科技股份有限公司科创板首次公开发行股票招股说明书（申报稿）",
    "原文链接": "http://static.sse.com.cn/stock/information/c/201904/cf562464e47047148177deb8194b55e0.pdf",
    "报告期": "2019-03-31",
    "数据期": "2019-01-03",
    "所在页": 30,
    "资产总额": "",
    "归属于母公司所有者权益": "",
    "资产负债率（母公司）": null,
    "资产负债率（合并）": null,
    "营业收入": "",
    "净利润": "",
    "归属于母公司所有者的净利润": "",
    "扣除非经常性损益后归属于母公司所有者的净利润": "",
    "基本每股收益": "",
    "稀释每股收益": "",
    "加权平均净资产收益率": null,
    "经营活动产生的现金流量净额": "",
    "现金分红": "",
    "研发投入占营业收入的比例": "",
    "息税折旧摊销前利润": ""
  },
  {
    "公司名称": "2019-04-03南京微创医学科技股份有限公司科创板首次公开发行股票招股说明书（申报稿）",
    "原文链接": "http://static.sse.com.cn/stock/information/c/201904/cf562464e47047148177deb8194b55e0.pdf",
    "报告期": "2019-03-31",
    "数据期": "2018-12-31",
    "所在页": 30,
    "资产总额": "969,221,000.0",
    "归属于母公司所有者权益": "579,704,300.00",
    "资产负债率（母公司）": 0.3255,
    "资产负债率（合并）": null,
    "营业收入": "922,109,300.00",
    "净利润": "203,393,500.00",
    "归属于母公司所有者的净利润": "192,699,000.0",
    "扣除非经常性损益后归属于母公司所有者的净利润": "175,200,000.0",
    "基本每股收益": 1.927,
    "稀释每股收益": 1.927,
    "加权平均净资产收益率": 0.3617,
    "经营活动产生的现金流量净额": "192,324,900.00",
    "现金分红": "50,000,000.0",
    "研发投入占营业收入的比例": "5.33%",
    "息税折旧摊销前利润": ""
  },
  {
    "公司名称": "2019-04-03南京微创医学科技股份有限公司科创板首次公开发行股票招股说明书（申报稿）",
    "原文链接": "http://static.sse.com.cn/stock/information/c/201904/cf562464e47047148177deb8194b55e0.pdf",
    "报告期": "2019-03-31",
    "数据期": "2017-12-31",
    "所在页": 30,
    "资产总额": "718,325,900.00",
    "归属于母公司所有者权益": "435,728,400.00",
    "资产负债率（母公司）": 0.3145,
    "资产负债率（合并）": null,
    "营业收入": "640,673,000.0",
    "净利润": "112,148,500.00",
    "归属于母公司所有者的净利润": "101,182,000.0",
    "扣除非经常性损益后归属于母公司所有者的净利润": "101,165,500.00",
    "基本每股收益": 1.0118,
    "稀释每股收益": 1.0118,
    "加权平均净资产收益率": 0.2627,
    "经营活动产生的现金流量净额": "140,476,300.00",
    "现金分红": "-",
    "研发投入占营业收入的比例": "5.91%",
    "息税折旧摊销前利润": ""
  },
  {
    "公司名称": "2019-04-03南京微创医学科技股份有限公司科创板首次公开发行股票招股说明书（申报稿）",
    "原文链接": "http://static.sse.com.cn/stock/information/c/201904/cf562464e47047148177deb8194b55e0.pdf",
    "报告期": "2019-03-31",
    "数据期": "2016-12-31",
    "所在页": 30,
    "资产总额": "540,504,900.00",
    "归属于母公司所有者权益": "334,541,400.00",
    "资产负债率（母公司）": 0.3323,
    "资产负债率（合并）": null,
    "营业收入": "414,309,700.00",
    "净利润": "-26,033,500.00",
    "归属于母公司所有者的净利润": "-36,454,100.00",
    "扣除非经常性损益后归属于母公司所有者的净利润": "56,017,900.00",
    "基本每股收益": -0.3837,
    "稀释每股收益": -0.3837,
    "加权平均净资产收益率": -0.1241,
    "经营活动产生的现金流量净额": "79,977,800.00",
    "现金分红": "16,200,000.0",
    "研发投入占营业收入的比例": "4.3%",
    "息税折旧摊销前利润": ""
  },
  {
    "公司名称": "2019-04-18天津久日新材料股份有限公司科创板首次公开发行股票招股说明书（申报稿）",
    "原文链接": "http://static.sse.com.cn/stock/information/c/201904/6b66f017a5d14819b8cecc19f5b280a1.pdf",
    "报告期": "2019-03-31",
    "数据期": "2019-01-03",
    "所在页": 17,
    "资产总额": "1,344,021,500.00",
    "归属于母公司所有者权益": "928,107,800.00",
    "资产负债率（母公司）": 0.2992,
    "资产负债率（合并）": 0.3087,
    "营业收入": "410,748,800.00",
    "净利润": "94,303,400.00",
    "归属于母公司所有者的净利润": "94,327,500.00",
    "扣除非经常性损益后归属于母公司所有者的净利润": "93,425,600.00",
    "基本每股收益": 1.17,
    "稀释每股收益": 1.17,
    "加权平均净资产收益率": 0.1101,
    "经营活动产生的现金流量净额": "11,957,100.00",
    "现金分红": "-",
    "研发投入占营业收入的比例": "4.04%",
    "息税折旧摊销前利润": ""
  },
  {
    "公司名称": "2019-04-18天津久日新材料股份有限公司科创板首次公开发行股票招股说明书（申报稿）",
    "原文链接": "http://static.sse.com.cn/stock/information/c/201904/6b66f017a5d14819b8cecc19f5b280a1.pdf",
    "报告期": "2019-03-31",
    "数据期": "2018-12-31",
    "所在页": 17,
    "资产总额": "1,231,645,400.00",
    "归属于母公司所有者权益": "785,268,500.00",
    "资产负债率（母公司）": 0.2933,
    "资产负债率（合并）": 0.3624,
    "营业收入": "1,005,158,800.00",
    "净利润": "175,927,600.00",
    "归属于母公司所有者的净利润": "175,927,600.00",
    "扣除非经常性损益后归属于母公司所有者的净利润": "185,539,800.00",
    "基本每股收益": 2.21,
    "稀释每股收益": 2.21,
    "加权平均净资产收益率": 0.2659,
    "经营活动产生的现金流量净额": "126,820,600.00",
    "现金分红": "15,894,000.0",
    "研发投入占营业收入的比例": "4.3%",
    "息税折旧摊销前利润": ""
  },
  {
    "公司名称": "2019-04-18天津久日新材料股份有限公司科创板首次公开发行股票招股说明书（申报稿）",
    "原文链接": "http://static.sse.com.cn/stock/information/c/201904/6b66f017a5d14819b8cecc19f5b280a1.pdf",
    "报告期": "2019-03-31",
    "数据期": "2017-12-31",
    "所在页": 17,
    "资产总额": "1,050,414,700.00",
    "归属于母公司所有者权益": "614,720,800.00",
    "资产负债率（母公司）": 0.2805,
    "资产负债率（合并）": 0.4148,
    "营业收入": "739,779,600.00",
    "净利润": "50,592,300.00",
    "归属于母公司所有者的净利润": "50,592,300.00",
    "扣除非经常性损益后归属于母公司所有者的净利润": "40,597,100.00",
    "基本每股收益": 0.64,
    "稀释每股收益": 0.64,
    "加权平均净资产收益率": 0.0689,
    "经营活动产生的现金流量净额": "68,045,800.00",
    "现金分红": "-",
    "研发投入占营业收入的比例": "3.91%",
    "息税折旧摊销前利润": ""
  },
  {
    "公司名称": "2019-04-18天津久日新材料股份有限公司科创板首次公开发行股票招股说明书（申报稿）",
    "原文链接": "http://static.sse.com.cn/stock/information/c/201904/6b66f017a5d14819b8cecc19f5b280a1.pdf",
    "报告期": "2019-03-31",
    "数据期": "2016-12-31",
    "所在页": 17,
    "资产总额": "984,877,700.00",
    "归属于母公司所有者权益": "564,128,500.00",
    "资产负债率（母公司）": 0.3754,
    "资产负债率（合并）": 0.4272,
    "营业收入": "638,590,300.00",
    "净利润": "41,409,400.00",
    "归属于母公司所有者的净利润": "41,409,400.00",
    "扣除非经常性损益后归属于母公司所有者的净利润": "37,448,900.00",
    "基本每股收益": 0.53,
    "稀释每股收益": 0.53,
    "加权平均净资产收益率": 0.0703,
    "经营活动产生的现金流量净额": "18,237,000.0",
    "现金分红": "7,947,000.0",
    "研发投入占营业收入的比例": "3.97%",
    "息税折旧摊销前利润": ""
  },
  {
    "公司名称": "2019-03-22烟台睿创微纳技术股份有限公司科创板首次公开发行股票招股说明书（申报稿）",
    "原文链接": "http://static.sse.com.cn/stock/information/c/201903/89a55e494b7a42ccb7f25bd81a9b1af5.pdf",
    "报告期": "2019-03-31",
    "数据期": "2019-01-03",
    "所在页": 46,
    "资产总额": "",
    "归属于母公司所有者权益": "",
    "资产负债率（母公司）": null,
    "资产负债率（合并）": null,
    "营业收入": "",
    "净利润": "",
    "归属于母公司所有者的净利润": "",
    "扣除非经常性损益后归属于母公司所有者的净利润": "",
    "基本每股收益": "",
    "稀释每股收益": "",
    "加权平均净资产收益率": null,
    "经营活动产生的现金流量净额": "",
    "现金分红": "",
    "研发投入占营业收入的比例": "",
    "息税折旧摊销前利润": ""
  },
  {
    "公司名称": "2019-03-22烟台睿创微纳技术股份有限公司科创板首次公开发行股票招股说明书（申报稿）",
    "原文链接": "http://static.sse.com.cn/stock/information/c/201903/89a55e494b7a42ccb7f25bd81a9b1af5.pdf",
    "报告期": "2019-03-31",
    "数据期": "2018-12-31",
    "所在页": 46,
    "资产总额": "1,191,275,000.0",
    "归属于母公司所有者权益": "1,005,939,800.00",
    "资产负债率（母公司）": 0.0502,
    "资产负债率（合并）": null,
    "营业收入": "384,104,700.00",
    "净利润": "125,171,900.00",
    "归属于母公司所有者的净利润": "125,168,100.00",
    "扣除非经常性损益后归属于母公司所有者的净利润": "112,525,100.00",
    "基本每股收益": 0.3725,
    "稀释每股收益": 0.3725,
    "加权平均净资产收益率": 0.2761,
    "经营活动产生的现金流量净额": "36,248,800.00",
    "现金分红": "-",
    "研发投入占营业收入的比例": "16.94%",
    "息税折旧摊销前利润": ""
  },
  {
    "公司名称": "2019-03-22烟台睿创微纳技术股份有限公司科创板首次公开发行股票招股说明书（申报稿）",
    "原文链接": "http://static.sse.com.cn/stock/information/c/201903/89a55e494b7a42ccb7f25bd81a9b1af5.pdf",
    "报告期": "2019-03-31",
    "数据期": "2017-12-31",
    "所在页": 46,
    "资产总额": "500,300,500.00",
    "归属于母公司所有者权益": "360,771,700.00",
    "资产负债率（母公司）": 0.0855,
    "资产负债率（合并）": null,
    "营业收入": "155,722,300.00",
    "净利润": "64,351,700.00",
    "归属于母公司所有者的净利润": "64,350,900.00",
    "扣除非经常性损益后归属于母公司所有者的净利润": "48,525,900.00",
    "基本每股收益": 0.2326,
    "稀释每股收益": 0.2326,
    "加权平均净资产收益率": 0.2098,
    "经营活动产生的现金流量净额": "-7,472,600.00",
    "现金分红": "-",
    "研发投入占营业收入的比例": "17.18%",
    "息税折旧摊销前利润": ""
  },
  {
    "公司名称": "2019-03-22烟台睿创微纳技术股份有限公司科创板首次公开发行股票招股说明书（申报稿）",
    "原文链接": "http://static.sse.com.cn/stock/information/c/201903/89a55e494b7a42ccb7f25bd81a9b1af5.pdf",
    "报告期": "2019-03-31",
    "数据期": "2016-12-31",
    "所在页": 46,
    "资产总额": "306,733,500.00",
    "归属于母公司所有者权益": "254,920,800.00",
    "资产负债率（母公司）": 0.0984,
    "资产负债率（合并）": null,
    "营业收入": "60,250,600.00",
    "净利润": "9,721,500.00",
    "归属于母公司所有者的净利润": "9,693,300.00",
    "扣除非经常性损益后归属于母公司所有者的净利润": "6,535,000.0",
    "基本每股收益": 0.0379,
    "稀释每股收益": 0.0379,
    "加权平均净资产收益率": 0.0476,
    "经营活动产生的现金流量净额": "-35,300,900.00",
    "现金分红": "-",
    "研发投入占营业收入的比例": "29.78%",
    "息税折旧摊销前利润": ""
  },
  {
    "公司名称": "2019-03-29交控科技股份有限公司科创板首次公开发行股票招股说明书（申报稿）",
    "原文链接": "http://static.sse.com.cn/stock/information/c/201903/1a4ab0aa6c0a4e7a9ffc694f9a62e7f0.pdf",
    "报告期": "2019-03-31",
    "数据期": "2019-01-03",
    "所在页": 44,
    "资产总额": "",
    "归属于母公司所有者权益": "",
    "资产负债率（母公司）": null,
    "资产负债率（合并）": null,
    "营业收入": "",
    "净利润": "",
    "归属于母公司所有者的净利润": "",
    "扣除非经常性损益后归属于母公司所有者的净利润": "",
    "基本每股收益": "",
    "稀释每股收益": "",
    "加权平均净资产收益率": null,
    "经营活动产生的现金流量净额": "",
    "现金分红": "",
    "研发投入占营业收入的比例": "",
    "息税折旧摊销前利润": ""
  },
  {
    "公司名称": "2019-03-29交控科技股份有限公司科创板首次公开发行股票招股说明书（申报稿）",
    "原文链接": "http://static.sse.com.cn/stock/information/c/201903/1a4ab0aa6c0a4e7a9ffc694f9a62e7f0.pdf",
    "报告期": "2019-03-31",
    "数据期": "2018-12-31",
    "所在页": 44,
    "资产总额": "2,099,759,800.0",
    "归属于母公司所有者权益": "399,165,900.0",
    "资产负债率（母公司）": 0.8053,
    "资产负债率（合并）": null,
    "营业收入": "1,162,520,500.0",
    "净利润": "65,910,200.0",
    "归属于母公司所有者的净利润": "66,395,200.0",
    "扣除非经常性损益后归属于母公司所有者的净利润": "60,159,600.0",
    "基本每股收益": 0.55,
    "稀释每股收益": 0.55,
    "加权平均净资产收益率": 0.1622,
    "经营活动产生的现金流量净额": "113,299,000.0",
    "现金分红": "12,000,000.0",
    "研发投入占营业收入的比例": "6.66%",
    "息税折旧摊销前利润": ""
  },
  {
    "公司名称": "2019-03-29交控科技股份有限公司科创板首次公开发行股票招股说明书（申报稿）",
    "原文链接": "http://static.sse.com.cn/stock/information/c/201903/1a4ab0aa6c0a4e7a9ffc694f9a62e7f0.pdf",
    "报告期": "2019-03-31",
    "数据期": "2017-12-31",
    "所在页": 44,
    "资产总额": "1,490,706,500.0",
    "归属于母公司所有者权益": "344,612,800.0",
    "资产负债率（母公司）": 0.7632,
    "资产负债率（合并）": null,
    "营业收入": "879,619,800.0",
    "净利润": "45,769,900.0",
    "归属于母公司所有者的净利润": "44,874,200.0",
    "扣除非经常性损益后归属于母公司所有者的净利润": "36,721,400.0",
    "基本每股收益": 0.37,
    "稀释每股收益": 0.37,
    "加权平均净资产收益率": 0.1127,
    "经营活动产生的现金流量净额": "20,548,500.0",
    "现金分红": "10,560,000.0",
    "研发投入占营业收入的比例": "9.27%",
    "息税折旧摊销前利润": ""
  },
  {
    "公司名称": "2019-03-29交控科技股份有限公司科创板首次公开发行股票招股说明书（申报稿）",
    "原文链接": "http://static.sse.com.cn/stock/information/c/201903/1a4ab0aa6c0a4e7a9ffc694f9a62e7f0.pdf",
    "报告期": "2019-03-31",
    "数据期": "2016-12-31",
    "所在页": 44,
    "资产总额": "1,334,747,400.0",
    "归属于母公司所有者权益": "310,398,400.0",
    "资产负债率（母公司）": 0.7531,
    "资产负债率（合并）": null,
    "营业收入": "886,502,000.0",
    "净利润": "54,645,100.0",
    "归属于母公司所有者的净利润": "53,696,700.0",
    "扣除非经常性损益后归属于母公司所有者的净利润": "49,997,200.0",
    "基本每股收益": 0.45,
    "稀释每股收益": 0.45,
    "加权平均净资产收益率": 0.1737,
    "经营活动产生的现金流量净额": "71,638,100.0",
    "现金分红": "16,920,000.0",
    "研发投入占营业收入的比例": "8.82%",
    "息税折旧摊销前利润": ""
  },
  {
    "公司名称": "2019-03-27深圳微芯生物科技股份有限公司科创板首次公开发行股票招股说明书（申报稿）",
    "原文链接": "http://static.sse.com.cn/stock/information/c/201903/d5642b651af54fb38a79fcfe06fabc73.pdf",
    "报告期": "2019-03-31",
    "数据期": "2019-01-03",
    "所在页": 36,
    "资产总额": "",
    "归属于母公司所有者权益": "",
    "资产负债率（母公司）": null,
    "资产负债率（合并）": null,
    "营业收入": "",
    "净利润": "",
    "归属于母公司所有者的净利润": "",
    "扣除非经常性损益后归属于母公司所有者的净利润": "",
    "基本每股收益": "",
    "稀释每股收益": "",
    "加权平均净资产收益率": null,
    "经营活动产生的现金流量净额": "",
    "现金分红": "",
    "研发投入占营业收入的比例": "",
    "息税折旧摊销前利润": ""
  },
  {
    "公司名称": "2019-03-27深圳微芯生物科技股份有限公司科创板首次公开发行股票招股说明书（申报稿）",
    "原文链接": "http://static.sse.com.cn/stock/information/c/201903/d5642b651af54fb38a79fcfe06fabc73.pdf",
    "报告期": "2019-03-31",
    "数据期": "2018-12-31",
    "所在页": 36,
    "资产总额": "745,681,700.00",
    "归属于母公司所有者权益": "497,740,700.00",
    "资产负债率（母公司）": 0.1191,
    "资产负债率（合并）": null,
    "营业收入": "147,689,000.0",
    "净利润": "31,276,200.00",
    "归属于母公司所有者的净利润": "31,276,200.00",
    "扣除非经常性损益后归属于母公司所有者的净利润": "18,976,100.00",
    "基本每股收益": 0.0869,
    "稀释每股收益": 0.0869,
    "加权平均净资产收益率": 0.0644,
    "经营活动产生的现金流量净额": "23,842,100.00",
    "现金分红": "-",
    "研发投入占营业收入的比例": "55.85%",
    "息税折旧摊销前利润": ""
  },
  {
    "公司名称": "2019-03-27深圳微芯生物科技股份有限公司科创板首次公开发行股票招股说明书（申报稿）",
    "原文链接": "http://static.sse.com.cn/stock/information/c/201903/d5642b651af54fb38a79fcfe06fabc73.pdf",
    "报告期": "2019-03-31",
    "数据期": "2017-12-31",
    "所在页": 36,
    "资产总额": "684,303,200.00",
    "归属于母公司所有者权益": "471,283,400.00",
    "资产负债率（母公司）": 0.1028,
    "资产负债率（合并）": null,
    "营业收入": "110,503,400.00",
    "净利润": "25,905,400.00",
    "归属于母公司所有者的净利润": "25,905,400.00",
    "扣除非经常性损益后归属于母公司所有者的净利润": "11,300,000.0",
    "基本每股收益": 0.0743,
    "稀释每股收益": 0.0743,
    "加权平均净资产收益率": 0.0923,
    "经营活动产生的现金流量净额": "5,100,700.00",
    "现金分红": "-",
    "研发投入占营业收入的比例": "62.01%",
    "息税折旧摊销前利润": ""
  },
  {
    "公司名称": "2019-03-27深圳微芯生物科技股份有限公司科创板首次公开发行股票招股说明书（申报稿）",
    "原文链接": "http://static.sse.com.cn/stock/information/c/201903/d5642b651af54fb38a79fcfe06fabc73.pdf",
    "报告期": "2019-03-31",
    "数据期": "2016-12-31",
    "所在页": 36,
    "资产总额": "429,039,800.00",
    "归属于母公司所有者权益": "232,299,200.00",
    "资产负债率（母公司）": 0.3435,
    "资产负债率（合并）": null,
    "营业收入": "85,364,400.00",
    "净利润": "5,399,200.00",
    "归属于母公司所有者的净利润": "5,399,200.00",
    "扣除非经常性损益后归属于母公司所有者的净利润": "5,026,000.0",
    "基本每股收益": 0.0164,
    "稀释每股收益": 0.0164,
    "加权平均净资产收益率": 0.0317,
    "经营活动产生的现金流量净额": "63,131,100.00",
    "现金分红": "-",
    "研发投入占营业收入的比例": "60.52%",
    "息税折旧摊销前利润": ""
  },
  {
    "公司名称": "2019-04-09北京宝兰德软件股份有限公司科创板首次公开发行股票招股说明书（申报稿）",
    "原文链接": "http://static.sse.com.cn/stock/information/c/201904/350b29ac654542ac8edaa876d317ed73.pdf",
    "报告期": "2019-03-31",
    "数据期": "2019-01-03",
    "所在页": 36,
    "资产总额": "",
    "归属于母公司所有者权益": "",
    "资产负债率（母公司）": null,
    "资产负债率（合并）": null,
    "营业收入": "",
    "净利润": "",
    "归属于母公司所有者的净利润": "",
    "扣除非经常性损益后归属于母公司所有者的净利润": "",
    "基本每股收益": "",
    "稀释每股收益": "",
    "加权平均净资产收益率": null,
    "经营活动产生的现金流量净额": "",
    "现金分红": "",
    "研发投入占营业收入的比例": "",
    "息税折旧摊销前利润": ""
  },
  {
    "公司名称": "2019-04-09北京宝兰德软件股份有限公司科创板首次公开发行股票招股说明书（申报稿）",
    "原文链接": "http://static.sse.com.cn/stock/information/c/201904/350b29ac654542ac8edaa876d317ed73.pdf",
    "报告期": "2019-03-31",
    "数据期": "2018-12-31",
    "所在页": 36,
    "资产总额": 190971600,
    "归属于母公司所有者权益": 168051500,
    "资产负债率（母公司）": 0.001157,
    "资产负债率（合并）": 0,
    "营业收入": 122370000,
    "净利润": 50953000,
    "归属于母公司所有者的净利润": 51447500,
    "扣除非经常性损益后归属于母公司所有者的净利润": 51362800,
    "基本每股收益": 1.71,
    "稀释每股收益": 1.71,
    "加权平均净资产收益率": 0.3513,
    "经营活动产生的现金流量净额": 1648.55,
    "现金分红": 9900000,
    "研发投入占营业收入的比例": 0.1797,
    "息税折旧摊销前利润": ""
  },
  {
    "公司名称": "2019-04-09北京宝兰德软件股份有限公司科创板首次公开发行股票招股说明书（申报稿）",
    "原文链接": "http://static.sse.com.cn/stock/information/c/201904/350b29ac654542ac8edaa876d317ed73.pdf",
    "报告期": "2019-03-31",
    "数据期": "2017-12-31",
    "所在页": 36,
    "资产总额": 139617300,
    "归属于母公司所有者权益": 126504000,
    "资产负债率（母公司）": 0.000913,
    "资产负债率（合并）": 0,
    "营业收入": 86668200,
    "净利润": 34498500,
    "归属于母公司所有者的净利润": 34498500,
    "扣除非经常性损益后归属于母公司所有者的净利润": 34497000,
    "基本每股收益": 1.15,
    "稀释每股收益": 1.15,
    "加权平均净资产收益率": 0.3067,
    "经营活动产生的现金流量净额": 3059.24,
    "现金分红": 9720000,
    "研发投入占营业收入的比例": 0.1981,
    "息税折旧摊销前利润": ""
  },
  {
    "公司名称": "2019-04-09北京宝兰德软件股份有限公司科创板首次公开发行股票招股说明书（申报稿）",
    "原文链接": "http://static.sse.com.cn/stock/information/c/201904/350b29ac654542ac8edaa876d317ed73.pdf",
    "报告期": "2019-03-31",
    "数据期": "2016-12-31",
    "所在页": 36,
    "资产总额": 112147800,
    "归属于母公司所有者权益": 101725600,
    "资产负债率（母公司）": 0.000902,
    "资产负债率（合并）": 0,
    "营业收入": 80114000,
    "净利润": 36593400,
    "归属于母公司所有者的净利润": 36593400,
    "扣除非经常性损益后归属于母公司所有者的净利润": 36124500,
    "基本每股收益": 1.22,
    "稀释每股收益": 1.22,
    "加权平均净资产收益率": 0.4386,
    "经营活动产生的现金流量净额": 1458.15,
    "现金分红": "-",
    "研发投入占营业收入的比例": 0.1964,
    "息税折旧摊销前利润": ""
  },
  {
    "公司名称": "2019-04-09北京海天瑞声科技股份有限公司科创板首次公开发行股票招股说明书（申报稿）",
    "原文链接": "http://static.sse.com.cn/stock/information/c/201904/5f4854effb4c4fdea8c55121952cb20f.pdf",
    "报告期": "2019-03-31",
    "数据期": "2019-01-03",
    "所在页": 35,
    "资产总额": "",
    "归属于母公司所有者权益": "",
    "资产负债率（母公司）": null,
    "资产负债率（合并）": null,
    "营业收入": "",
    "净利润": "",
    "归属于母公司所有者的净利润": "",
    "扣除非经常性损益后归属于母公司所有者的净利润": "",
    "基本每股收益": "",
    "稀释每股收益": "",
    "加权平均净资产收益率": null,
    "经营活动产生的现金流量净额": "",
    "现金分红": "",
    "研发投入占营业收入的比例": "",
    "息税折旧摊销前利润": ""
  },
  {
    "公司名称": "2019-04-09北京海天瑞声科技股份有限公司科创板首次公开发行股票招股说明书（申报稿）",
    "原文链接": "http://static.sse.com.cn/stock/information/c/201904/5f4854effb4c4fdea8c55121952cb20f.pdf",
    "报告期": "2019-03-31",
    "数据期": "2018-12-31",
    "所在页": 35,
    "资产总额": "212,409,600.00",
    "归属于母公司所有者权益": "166,215,000.0",
    "资产负债率（母公司）": 0.2171,
    "资产负债率（合并）": null,
    "营业收入": "192,657,700.00",
    "净利润": "67,141,600.00",
    "归属于母公司所有者的净利润": "67,141,600.00",
    "扣除非经常性损益后归属于母公司所有者的净利润": "62,063,000.0",
    "基本每股收益": 2.07,
    "稀释每股收益": 2.07,
    "加权平均净资产收益率": 0.4681,
    "经营活动产生的现金流量净额": "64,441,500.00",
    "现金分红": "-",
    "研发投入占营业收入的比例": "14.19%",
    "息税折旧摊销前利润": ""
  },
  {
    "公司名称": "2019-04-09北京海天瑞声科技股份有限公司科创板首次公开发行股票招股说明书（申报稿）",
    "原文链接": "http://static.sse.com.cn/stock/information/c/201904/5f4854effb4c4fdea8c55121952cb20f.pdf",
    "报告期": "2019-03-31",
    "数据期": "2017-12-31",
    "所在页": 35,
    "资产总额": "130,311,000.0",
    "归属于母公司所有者权益": "99,001,300.00",
    "资产负债率（母公司）": 0.2304,
    "资产负债率（合并）": null,
    "营业收入": "119,070,900.00",
    "净利润": "34,149,600.00",
    "归属于母公司所有者的净利润": "34,149,600.00",
    "扣除非经常性损益后归属于母公司所有者的净利润": "32,702,700.00",
    "基本每股收益": 1.12,
    "稀释每股收益": 1.12,
    "加权平均净资产收益率": 0.423,
    "经营活动产生的现金流量净额": "34,691,600.00",
    "现金分红": "15,000,000.0",
    "研发投入占营业收入的比例": "21.23%",
    "息税折旧摊销前利润": ""
  },
  {
    "公司名称": "2019-04-09北京海天瑞声科技股份有限公司科创板首次公开发行股票招股说明书（申报稿）",
    "原文链接": "http://static.sse.com.cn/stock/information/c/201904/5f4854effb4c4fdea8c55121952cb20f.pdf",
    "报告期": "2019-03-31",
    "数据期": "2016-12-31",
    "所在页": 35,
    "资产总额": "57,618,300.00",
    "归属于母公司所有者权益": "39,490,200.00",
    "资产负债率（母公司）": 0.3153,
    "资产负债率（合并）": null,
    "营业收入": "84,228,600.00",
    "净利润": "10,289,300.00",
    "归属于母公司所有者的净利润": "10,289,300.00",
    "扣除非经常性损益后归属于母公司所有者的净利润": "15,982,600.00",
    "基本每股收益": "-",
    "稀释每股收益": "-",
    "加权平均净资产收益率": 0.5107,
    "经营活动产生的现金流量净额": "17,071,600.00",
    "现金分红": "-",
    "研发投入占营业收入的比例": "25.82%",
    "息税折旧摊销前利润": ""
  },
  {
    "公司名称": "2019-03-22和舰芯片制造（苏州）股份有限公司科创板首次公开发行股票招股说明书（申报稿）",
    "原文链接": "http://static.sse.com.cn/stock/information/c/201903/f1f0dc2bf33e4dc486c395fc423fdf13.pdf",
    "报告期": "2019-03-31",
    "数据期": "2019-01-03",
    "所在页": 19,
    "资产总额": "",
    "归属于母公司所有者权益": "",
    "资产负债率（母公司）": null,
    "资产负债率（合并）": null,
    "营业收入": "",
    "净利润": "",
    "归属于母公司所有者的净利润": "",
    "扣除非经常性损益后归属于母公司所有者的净利润": "",
    "基本每股收益": "",
    "稀释每股收益": "",
    "加权平均净资产收益率": null,
    "经营活动产生的现金流量净额": "",
    "现金分红": "",
    "研发投入占营业收入的比例": "",
    "息税折旧摊销前利润": ""
  },
  {
    "公司名称": "2019-03-22和舰芯片制造（苏州）股份有限公司科创板首次公开发行股票招股说明书（申报稿）",
    "原文链接": "http://static.sse.com.cn/stock/information/c/201903/f1f0dc2bf33e4dc486c395fc423fdf13.pdf",
    "报告期": "2019-03-31",
    "数据期": "2018-12-31",
    "所在页": 19,
    "资产总额": "24,194,482,800.00",
    "归属于母公司所有者权益": "4,464,864,800.00",
    "资产负债率（母公司）": 0.1127,
    "资产负债率（合并）": null,
    "营业收入": "3,694,032,200.00",
    "净利润": "-2,601,889,600.00",
    "归属于母公司所有者的净利润": "29,927,200.00",
    "扣除非经常性损益后归属于母公司所有者的净利润": "-146,446,300.00",
    "基本每股收益": 0.01,
    "稀释每股收益": 0.01,
    "加权平均净资产收益率": -0.0337,
    "经营活动产生的现金流量净额": "3,205,505,100.00",
    "现金分红": "-",
    "研发投入占营业收入的比例": "10.45%",
    "息税折旧摊销前利润": ""
  },
  {
    "公司名称": "2019-03-22和舰芯片制造（苏州）股份有限公司科创板首次公开发行股票招股说明书（申报稿）",
    "原文链接": "http://static.sse.com.cn/stock/information/c/201903/f1f0dc2bf33e4dc486c395fc423fdf13.pdf",
    "报告期": "2019-03-31",
    "数据期": "2017-12-31",
    "所在页": 19,
    "资产总额": "25,501,661,100.00",
    "归属于母公司所有者权益": "4,091,754,900.00",
    "资产负债率（母公司）": 0.0671,
    "资产负债率（合并）": null,
    "营业收入": "3,359,886,400.00",
    "净利润": "-1,266,784,600.00",
    "归属于母公司所有者的净利润": "71,287,900.00",
    "扣除非经常性损益后归属于母公司所有者的净利润": "-2,962,200.00",
    "基本每股收益": "-",
    "稀释每股收益": "-",
    "加权平均净资产收益率": -0.0007,
    "经营活动产生的现金流量净额": "2,913,219,500.00",
    "现金分红": "-",
    "研发投入占营业收入的比例": "8.67%",
    "息税折旧摊销前利润": ""
  },
  {
    "公司名称": "2019-03-22和舰芯片制造（苏州）股份有限公司科创板首次公开发行股票招股说明书（申报稿）",
    "原文链接": "http://static.sse.com.cn/stock/information/c/201903/f1f0dc2bf33e4dc486c395fc423fdf13.pdf",
    "报告期": "2019-03-31",
    "数据期": "2016-12-31",
    "所在页": 19,
    "资产总额": "19,595,775,100.00",
    "归属于母公司所有者权益": "3,888,766,800.00",
    "资产负债率（母公司）": 0.1138,
    "资产负债率（合并）": null,
    "营业收入": "1,877,644,800.00",
    "净利润": "-1,149,389,600.00",
    "归属于母公司所有者的净利润": "-143,905,000.0",
    "扣除非经常性损益后归属于母公司所有者的净利润": "-155,795,200.00",
    "基本每股收益": "-",
    "稀释每股收益": "-",
    "加权平均净资产收益率": -0.0393,
    "经营活动产生的现金流量净额": "1,267,101,600.00",
    "现金分红": "-",
    "研发投入占营业收入的比例": "10.04%",
    "息税折旧摊销前利润": ""
  },
  {
    "公司名称": "2019-05-10先临三维科技股份有限公司科创板首次公开发行股票招股说明书（申报稿）",
    "原文链接": "http://static.sse.com.cn/stock/information/c/201905/317a464bcec94a48b51c9fbd97f2a8aa.pdf",
    "报告期": "2019-03-31",
    "数据期": "2019-01-03",
    "所在页": 19,
    "资产总额": "",
    "归属于母公司所有者权益": "",
    "资产负债率（母公司）": null,
    "资产负债率（合并）": null,
    "营业收入": "",
    "净利润": "",
    "归属于母公司所有者的净利润": "",
    "扣除非经常性损益后归属于母公司所有者的净利润": "",
    "基本每股收益": "",
    "稀释每股收益": "",
    "加权平均净资产收益率": null,
    "经营活动产生的现金流量净额": "",
    "现金分红": "",
    "研发投入占营业收入的比例": "",
    "息税折旧摊销前利润": ""
  },
  {
    "公司名称": "2019-05-10先临三维科技股份有限公司科创板首次公开发行股票招股说明书（申报稿）",
    "原文链接": "http://static.sse.com.cn/stock/information/c/201905/317a464bcec94a48b51c9fbd97f2a8aa.pdf",
    "报告期": "2019-03-31",
    "数据期": "2018-12-31",
    "所在页": 19,
    "资产总额": "873,690,900.00",
    "归属于母公司所有者权益": "462,984,600.00",
    "资产负债率（母公司）": 0.3152,
    "资产负债率（合并）": null,
    "营业收入": "400,508,900.00",
    "净利润": "-29,563,100.00",
    "归属于母公司所有者的净利润": "9,410,700.00",
    "扣除非经常性损益后归属于母公司所有者的净利润": "-21,453,800.00",
    "基本每股收益": 0.03,
    "稀释每股收益": 0.03,
    "加权平均净资产收益率": 0.0207,
    "经营活动产生的现金流量净额": "-56,031,000.0",
    "现金分红": "-",
    "研发投入占营业收入的比例": "35.08%",
    "息税折旧摊销前利润": ""
  },
  {
    "公司名称": "2019-05-10先临三维科技股份有限公司科创板首次公开发行股票招股说明书（申报稿）",
    "原文链接": "http://static.sse.com.cn/stock/information/c/201905/317a464bcec94a48b51c9fbd97f2a8aa.pdf",
    "报告期": "2019-03-31",
    "数据期": "2017-12-31",
    "所在页": 19,
    "资产总额": "790,902,800.00",
    "归属于母公司所有者权益": "460,547,000.0",
    "资产负债率（母公司）": 0.2218,
    "资产负债率（合并）": null,
    "营业收入": "362,751,700.00",
    "净利润": "8,863,400.00",
    "归属于母公司所有者的净利润": "18,950,100.00",
    "扣除非经常性损益后归属于母公司所有者的净利润": "-1,357,900.00",
    "基本每股收益": 0.06,
    "稀释每股收益": 0.06,
    "加权平均净资产收益率": 0.0422,
    "经营活动产生的现金流量净额": "-5,443,300.00",
    "现金分红": "-",
    "研发投入占营业收入的比例": "26.87%",
    "息税折旧摊销前利润": ""
  },
  {
    "公司名称": "2019-05-10先临三维科技股份有限公司科创板首次公开发行股票招股说明书（申报稿）",
    "原文链接": "http://static.sse.com.cn/stock/information/c/201905/317a464bcec94a48b51c9fbd97f2a8aa.pdf",
    "报告期": "2019-03-31",
    "数据期": "2016-12-31",
    "所在页": 19,
    "资产总额": "606,816,100.00",
    "归属于母公司所有者权益": "404,557,100.00",
    "资产负债率（母公司）": 0.215,
    "资产负债率（合并）": null,
    "营业收入": "313,084,600.00",
    "净利润": "14,705,800.00",
    "归属于母公司所有者的净利润": "14,712,200.00",
    "扣除非经常性损益后归属于母公司所有者的净利润": "9,815,200.00",
    "基本每股收益": 0.05,
    "稀释每股收益": 0.05,
    "加权平均净资产收益率": 0.0371,
    "经营活动产生的现金流量净额": "13,821,200.00",
    "现金分红": "-",
    "研发投入占营业收入的比例": "25.29%",
    "息税折旧摊销前利润": ""
  },
  {
    "公司名称": "2019-03-22江苏天奈科技股份有限公司科创板首次公开发行股票招股说明书（申报稿）",
    "原文链接": "http://static.sse.com.cn/stock/information/c/201903/4bfacce42dc546fd8b901e1c24131e16.pdf",
    "报告期": "2019-03-31",
    "数据期": "2019-01-03",
    "所在页": 31,
    "资产总额": "",
    "归属于母公司所有者权益": "",
    "资产负债率（母公司）": null,
    "资产负债率（合并）": null,
    "营业收入": "",
    "净利润": "",
    "归属于母公司所有者的净利润": "",
    "扣除非经常性损益后归属于母公司所有者的净利润": "",
    "基本每股收益": "",
    "稀释每股收益": "",
    "加权平均净资产收益率": null,
    "经营活动产生的现金流量净额": "",
    "现金分红": "",
    "研发投入占营业收入的比例": "",
    "息税折旧摊销前利润": ""
  },
  {
    "公司名称": "2019-03-22江苏天奈科技股份有限公司科创板首次公开发行股票招股说明书（申报稿）",
    "原文链接": "http://static.sse.com.cn/stock/information/c/201903/4bfacce42dc546fd8b901e1c24131e16.pdf",
    "报告期": "2019-03-31",
    "数据期": "2018-12-31",
    "所在页": 31,
    "资产总额": "850,764,100.00",
    "归属于母公司所有者权益": "637,443,000.0",
    "资产负债率（母公司）": 0.2464,
    "资产负债率（合并）": null,
    "营业收入": "327,594,900.00",
    "净利润": "67,453,100.00",
    "归属于母公司所有者的净利润": "67,584,900.00",
    "扣除非经常性损益后归属于母公司所有者的净利润": "64,998,700.00",
    "基本每股收益": 0.4,
    "稀释每股收益": 0.4,
    "加权平均净资产收益率": 0.1164,
    "经营活动产生的现金流量净额": "-56,890,900.00",
    "现金分红": "-",
    "研发投入占营业收入的比例": "5.01%",
    "息税折旧摊销前利润": ""
  },
  {
    "公司名称": "2019-03-22江苏天奈科技股份有限公司科创板首次公开发行股票招股说明书（申报稿）",
    "原文链接": "http://static.sse.com.cn/stock/information/c/201903/4bfacce42dc546fd8b901e1c24131e16.pdf",
    "报告期": "2019-03-31",
    "数据期": "2017-12-31",
    "所在页": 31,
    "资产总额": "770,118,700.00",
    "归属于母公司所有者权益": "530,555,000.0",
    "资产负债率（母公司）": 0.3266,
    "资产负债率（合并）": null,
    "营业收入": "307,956,700.00",
    "净利润": "-14,799,700.00",
    "归属于母公司所有者的净利润": "-14,799,700.00",
    "扣除非经常性损益后归属于母公司所有者的净利润": "10,088,800.00",
    "基本每股收益": "-",
    "稀释每股收益": "-",
    "加权平均净资产收益率": -0.0622,
    "经营活动产生的现金流量净额": "-22,126,300.00",
    "现金分红": "-",
    "研发投入占营业收入的比例": "4.53%",
    "息税折旧摊销前利润": ""
  },
  {
    "公司名称": "2019-03-22江苏天奈科技股份有限公司科创板首次公开发行股票招股说明书（申报稿）",
    "原文链接": "http://static.sse.com.cn/stock/information/c/201903/4bfacce42dc546fd8b901e1c24131e16.pdf",
    "报告期": "2019-03-31",
    "数据期": "2016-12-31",
    "所在页": 31,
    "资产总额": "271,318,300.00",
    "归属于母公司所有者权益": "179,597,500.00",
    "资产负债率（母公司）": 0.3923,
    "资产负债率（合并）": null,
    "营业收入": "133,806,900.00",
    "净利润": "9,751,200.00",
    "归属于母公司所有者的净利润": "9,751,200.00",
    "扣除非经常性损益后归属于母公司所有者的净利润": "5,211,800.00",
    "基本每股收益": "-",
    "稀释每股收益": "-",
    "加权平均净资产收益率": 0.0674,
    "经营活动产生的现金流量净额": "-5,374,200.00",
    "现金分红": "-",
    "研发投入占营业收入的比例": "5.81%",
    "息税折旧摊销前利润": ""
  },
  {
    "公司名称": "2019-04-10张家港广大特材股份有限公司科创板首次公开发行股票招股说明书（申报稿）",
    "原文链接": "http://static.sse.com.cn/stock/information/c/201904/2d5fb7e4faf441baba9dd52452f34271.pdf",
    "报告期": "2019-03-31",
    "数据期": "2019-01-03",
    "所在页": 35,
    "资产总额": "",
    "归属于母公司所有者权益": "",
    "资产负债率（母公司）": null,
    "资产负债率（合并）": null,
    "营业收入": "",
    "净利润": "",
    "归属于母公司所有者的净利润": "",
    "扣除非经常性损益后归属于母公司所有者的净利润": "",
    "基本每股收益": "",
    "稀释每股收益": "",
    "加权平均净资产收益率": null,
    "经营活动产生的现金流量净额": "",
    "现金分红": "",
    "研发投入占营业收入的比例": "",
    "息税折旧摊销前利润": ""
  },
  {
    "公司名称": "2019-04-10张家港广大特材股份有限公司科创板首次公开发行股票招股说明书（申报稿）",
    "原文链接": "http://static.sse.com.cn/stock/information/c/201904/2d5fb7e4faf441baba9dd52452f34271.pdf",
    "报告期": "2019-03-31",
    "数据期": "2018-12-31",
    "所在页": 35,
    "资产总额": "2,381,153,200.00",
    "归属于母公司所有者权益": "910,827,800.00",
    "资产负债率（母公司）": 0.5734,
    "资产负债率（合并）": 0.6175,
    "营业收入": "1,507,468,900.00",
    "净利润": "133,553,000.0",
    "归属于母公司所有者的净利润": "",
    "扣除非经常性损益后归属于母公司所有者的净利润": "120,025,300.00",
    "基本每股收益": 1.32,
    "稀释每股收益": 1.32,
    "加权平均净资产收益率": 0.189,
    "经营活动产生的现金流量净额": "140,572,900.00",
    "现金分红": "-",
    "研发投入占营业收入的比例": "3.42%",
    "息税折旧摊销前利润": ""
  },
  {
    "公司名称": "2019-04-10张家港广大特材股份有限公司科创板首次公开发行股票招股说明书（申报稿）",
    "原文链接": "http://static.sse.com.cn/stock/information/c/201904/2d5fb7e4faf441baba9dd52452f34271.pdf",
    "报告期": "2019-03-31",
    "数据期": "2017-12-31",
    "所在页": 35,
    "资产总额": "1,864,820,100.00",
    "归属于母公司所有者权益": "519,789,700.00",
    "资产负债率（母公司）": 0.6572,
    "资产负债率（合并）": 0.7213,
    "营业收入": "1,126,631,100.00",
    "净利润": "86,415,500.00",
    "归属于母公司所有者的净利润": "",
    "扣除非经常性损益后归属于母公司所有者的净利润": "86,384,300.00",
    "基本每股收益": 0.86,
    "稀释每股收益": 0.86,
    "加权平均净资产收益率": 0.2039,
    "经营活动产生的现金流量净额": "40,967,200.00",
    "现金分红": "-",
    "研发投入占营业收入的比例": "3.31%",
    "息税折旧摊销前利润": ""
  },
  {
    "公司名称": "2019-04-10张家港广大特材股份有限公司科创板首次公开发行股票招股说明书（申报稿）",
    "原文链接": "http://static.sse.com.cn/stock/information/c/201904/2d5fb7e4faf441baba9dd52452f34271.pdf",
    "报告期": "2019-03-31",
    "数据期": "2016-12-31",
    "所在页": 35,
    "资产总额": "1,672,865,200.00",
    "归属于母公司所有者权益": "327,745,300.00",
    "资产负债率（母公司）": 0.761,
    "资产负债率（合并）": 0.8041,
    "营业收入": "870,677,700.00",
    "净利润": "47,735,200.00",
    "归属于母公司所有者的净利润": "",
    "扣除非经常性损益后归属于母公司所有者的净利润": "56,148,600.00",
    "基本每股收益": "-",
    "稀释每股收益": "-",
    "加权平均净资产收益率": 0.1588,
    "经营活动产生的现金流量净额": "52,140,700.00",
    "现金分红": "-",
    "研发投入占营业收入的比例": "3.39%",
    "息税折旧摊销前利润": ""
  },
  {
    "公司名称": "2019-03-27虹软科技股份有限公司科创板首次公开发行股票招股说明书（申报稿）",
    "原文链接": "http://static.sse.com.cn/stock/information/c/201903/ba29a0b4f2f442798a39a4849b54e7ea.pdf",
    "报告期": "2019-03-31",
    "数据期": "2019-01-03",
    "所在页": 42,
    "资产总额": "",
    "归属于母公司所有者权益": "",
    "资产负债率（母公司）": null,
    "资产负债率（合并）": null,
    "营业收入": "",
    "净利润": "",
    "归属于母公司所有者的净利润": "",
    "扣除非经常性损益后归属于母公司所有者的净利润": "",
    "基本每股收益": "",
    "稀释每股收益": "",
    "加权平均净资产收益率": null,
    "经营活动产生的现金流量净额": "",
    "现金分红": "",
    "研发投入占营业收入的比例": "",
    "息税折旧摊销前利润": ""
  },
  {
    "公司名称": "2019-03-27虹软科技股份有限公司科创板首次公开发行股票招股说明书（申报稿）",
    "原文链接": "http://static.sse.com.cn/stock/information/c/201903/ba29a0b4f2f442798a39a4849b54e7ea.pdf",
    "报告期": "2019-03-31",
    "数据期": "2018-12-31",
    "所在页": 42,
    "资产总额": "1,217,849,800.00",
    "归属于母公司所有者权益": "1,046,067,200.00",
    "资产负债率（母公司）": 0.1341,
    "资产负债率（合并）": null,
    "营业收入": "458,071,300.00",
    "净利润": "175,317,000.0",
    "归属于母公司所有者的净利润": "175,317,000.0",
    "扣除非经常性损益后归属于母公司所有者的净利润": "203,044,300.00",
    "基本每股收益": 0.49,
    "稀释每股收益": 0.49,
    "加权平均净资产收益率": 0.251,
    "经营活动产生的现金流量净额": "248,168,000.0",
    "现金分红": "-",
    "研发投入占营业收入的比例": "32.42%",
    "息税折旧摊销前利润": ""
  },
  {
    "公司名称": "2019-03-27虹软科技股份有限公司科创板首次公开发行股票招股说明书（申报稿）",
    "原文链接": "http://static.sse.com.cn/stock/information/c/201903/ba29a0b4f2f442798a39a4849b54e7ea.pdf",
    "报告期": "2019-03-31",
    "数据期": "2017-12-31",
    "所在页": 42,
    "资产总额": "501,840,200.00",
    "归属于母公司所有者权益": "290,423,500.00",
    "资产负债率（母公司）": 0.4121,
    "资产负债率（合并）": null,
    "营业收入": "345,924,000.0",
    "净利润": "74,358,100.00",
    "归属于母公司所有者的净利润": "86,332,500.00",
    "扣除非经常性损益后归属于母公司所有者的净利润": "2,800,200.00",
    "基本每股收益": "-",
    "稀释每股收益": "-",
    "加权平均净资产收益率": 0.2224,
    "经营活动产生的现金流量净额": "82,970,800.00",
    "现金分红": "-",
    "研发投入占营业收入的比例": "31.43%",
    "息税折旧摊销前利润": ""
  },
  {
    "公司名称": "2019-03-27虹软科技股份有限公司科创板首次公开发行股票招股说明书（申报稿）",
    "原文链接": "http://static.sse.com.cn/stock/information/c/201903/ba29a0b4f2f442798a39a4849b54e7ea.pdf",
    "报告期": "2019-03-31",
    "数据期": "2016-12-31",
    "所在页": 42,
    "资产总额": "260,547,600.00",
    "归属于母公司所有者权益": "143,236,200.00",
    "资产负债率（母公司）": 0.0779,
    "资产负债率（合并）": null,
    "营业收入": "261,001,100.00",
    "净利润": "72,790,200.00",
    "归属于母公司所有者的净利润": "80,363,900.00",
    "扣除非经常性损益后归属于母公司所有者的净利润": "1,564,200.00",
    "基本每股收益": "-",
    "稀释每股收益": "-",
    "加权平均净资产收益率": 0.9499,
    "经营活动产生的现金流量净额": "-15,387,400.00",
    "现金分红": "-",
    "研发投入占营业收入的比例": "34.59%",
    "息税折旧摊销前利润": ""
  },
  {
    "公司名称": "2019-04-03乐鑫信息科技（上海）股份有限公司科创板首次公开发行股票招股说明书（申报稿）",
    "原文链接": "http://static.sse.com.cn/stock/information/c/201904/893baa32227245dd9aa74d4aa2cc11b2.pdf",
    "报告期": "2019-03-31",
    "数据期": "2019-01-03",
    "所在页": 47,
    "资产总额": "",
    "归属于母公司所有者权益": "",
    "资产负债率（母公司）": null,
    "资产负债率（合并）": null,
    "营业收入": "",
    "净利润": "",
    "归属于母公司所有者的净利润": "",
    "扣除非经常性损益后归属于母公司所有者的净利润": "",
    "基本每股收益": "",
    "稀释每股收益": "",
    "加权平均净资产收益率": null,
    "经营活动产生的现金流量净额": "",
    "现金分红": "",
    "研发投入占营业收入的比例": "",
    "息税折旧摊销前利润": ""
  },
  {
    "公司名称": "2019-04-03乐鑫信息科技（上海）股份有限公司科创板首次公开发行股票招股说明书（申报稿）",
    "原文链接": "http://static.sse.com.cn/stock/information/c/201904/893baa32227245dd9aa74d4aa2cc11b2.pdf",
    "报告期": "2019-03-31",
    "数据期": "2018-12-31",
    "所在页": 47,
    "资产总额": "377,483,900.00",
    "归属于母公司所有者权益": "311,242,100.00",
    "资产负债率（母公司）": 0.2978,
    "资产负债率（合并）": null,
    "营业收入": "474,920,200.00",
    "净利润": "93,882,600.00",
    "归属于母公司所有者的净利润": "93,882,600.00",
    "扣除非经常性损益后归属于母公司所有者的净利润": "88,364,000.0",
    "基本每股收益": 1.5647,
    "稀释每股收益": 1.5647,
    "加权平均净资产收益率": 0.3392,
    "经营活动产生的现金流量净额": "72,861,600.00",
    "现金分红": "-",
    "研发投入占营业收入的比例": "15.77%",
    "息税折旧摊销前利润": ""
  },
  {
    "公司名称": "2019-04-03乐鑫信息科技（上海）股份有限公司科创板首次公开发行股票招股说明书（申报稿）",
    "原文链接": "http://static.sse.com.cn/stock/information/c/201904/893baa32227245dd9aa74d4aa2cc11b2.pdf",
    "报告期": "2019-03-31",
    "数据期": "2017-12-31",
    "所在页": 47,
    "资产总额": "246,110,500.00",
    "归属于母公司所有者权益": "209,775,300.00",
    "资产负债率（母公司）": 0.231,
    "资产负债率（合并）": null,
    "营业收入": "272,007,000.0",
    "净利润": "29,371,900.00",
    "归属于母公司所有者的净利润": "29,371,900.00",
    "扣除非经常性损益后归属于母公司所有者的净利润": "46,196,000.0",
    "基本每股收益": 2.1558,
    "稀释每股收益": 2.1558,
    "加权平均净资产收益率": 0.3274,
    "经营活动产生的现金流量净额": "-9,238,200.00",
    "现金分红": "-",
    "研发投入占营业收入的比例": "18.16%",
    "息税折旧摊销前利润": ""
  },
  {
    "公司名称": "2019-04-03乐鑫信息科技（上海）股份有限公司科创板首次公开发行股票招股说明书（申报稿）",
    "原文链接": "http://static.sse.com.cn/stock/information/c/201904/893baa32227245dd9aa74d4aa2cc11b2.pdf",
    "报告期": "2019-03-31",
    "数据期": "2016-12-31",
    "所在页": 47,
    "资产总额": "155,958,900.00",
    "归属于母公司所有者权益": "121,207,300.00",
    "资产负债率（母公司）": 0.2882,
    "资产负债率（合并）": null,
    "营业收入": "122,938,600.00",
    "净利润": "449,300.00",
    "归属于母公司所有者的净利润": "449,300.00",
    "扣除非经常性损益后归属于母公司所有者的净利润": "848,900.00",
    "基本每股收益": 0.0343,
    "稀释每股收益": 0.0343,
    "加权平均净资产收益率": 0.0098,
    "经营活动产生的现金流量净额": "16,401,500.00",
    "现金分红": "-",
    "研发投入占营业收入的比例": "24.64%",
    "息税折旧摊销前利润": ""
  },
  {
    "公司名称": "2019-04-19北京致远互联软件股份有限公司科创板首次公开发行股票招股说明书（申报稿）",
    "原文链接": "http://static.sse.com.cn/stock/information/c/201904/49f375d0ee7b43b29c71e5933b54bd81.pdf",
    "报告期": "2019-03-31",
    "数据期": "2019-01-03",
    "所在页": 17,
    "资产总额": "",
    "归属于母公司所有者权益": "",
    "资产负债率（母公司）": null,
    "资产负债率（合并）": null,
    "营业收入": "",
    "净利润": "",
    "归属于母公司所有者的净利润": "",
    "扣除非经常性损益后归属于母公司所有者的净利润": "",
    "基本每股收益": "",
    "稀释每股收益": "",
    "加权平均净资产收益率": null,
    "经营活动产生的现金流量净额": "",
    "现金分红": "",
    "研发投入占营业收入的比例": "",
    "息税折旧摊销前利润": ""
  },
  {
    "公司名称": "2019-04-19北京致远互联软件股份有限公司科创板首次公开发行股票招股说明书（申报稿）",
    "原文链接": "http://static.sse.com.cn/stock/information/c/201904/49f375d0ee7b43b29c71e5933b54bd81.pdf",
    "报告期": "2019-03-31",
    "数据期": "2018-12-31",
    "所在页": 17,
    "资产总额": "759,603,900.00",
    "归属于母公司所有者权益": "308,306,400.00",
    "资产负债率（母公司）": 0.5661,
    "资产负债率（合并）": null,
    "营业收入": "578,092,500.00",
    "净利润": "76,012,200.00",
    "归属于母公司所有者的净利润": "72,977,700.00",
    "扣除非经常性损益后归属于母公司所有者的净利润": "63,382,700.00",
    "基本每股收益": 1.26,
    "稀释每股收益": 1.26,
    "加权平均净资产收益率": 0.2553,
    "经营活动产生的现金流量净额": "124,118,300.00",
    "现金分红": "28,869,800.00",
    "研发投入占营业收入的比例": "13.29%",
    "息税折旧摊销前利润": ""
  },
  {
    "公司名称": "2019-04-19北京致远互联软件股份有限公司科创板首次公开发行股票招股说明书（申报稿）",
    "原文链接": "http://static.sse.com.cn/stock/information/c/201904/49f375d0ee7b43b29c71e5933b54bd81.pdf",
    "报告期": "2019-03-31",
    "数据期": "2017-12-31",
    "所在页": 17,
    "资产总额": "638,515,800.00",
    "归属于母公司所有者权益": "256,465,700.00",
    "资产负债率（母公司）": 0.566,
    "资产负债率（合并）": null,
    "营业收入": "466,915,200.00",
    "净利润": "44,423,800.00",
    "归属于母公司所有者的净利润": "44,660,200.00",
    "扣除非经常性损益后归属于母公司所有者的净利润": "38,325,700.00",
    "基本每股收益": 0.78,
    "稀释每股收益": 0.78,
    "加权平均净资产收益率": 0.2014,
    "经营活动产生的现金流量净额": "120,042,700.00",
    "现金分红": "-",
    "研发投入占营业收入的比例": "14.67%",
    "息税折旧摊销前利润": ""
  },
  {
    "公司名称": "2019-04-19北京致远互联软件股份有限公司科创板首次公开发行股票招股说明书（申报稿）",
    "原文链接": "http://static.sse.com.cn/stock/information/c/201904/49f375d0ee7b43b29c71e5933b54bd81.pdf",
    "报告期": "2019-03-31",
    "数据期": "2016-12-31",
    "所在页": 17,
    "资产总额": "366,886,900.00",
    "归属于母公司所有者权益": "63,205,400.00",
    "资产负债率（母公司）": 0.8005,
    "资产负债率（合并）": null,
    "营业收入": "376,592,800.00",
    "净利润": "18,208,200.00",
    "归属于母公司所有者的净利润": "17,533,300.00",
    "扣除非经常性损益后归属于母公司所有者的净利润": "17,934,200.00",
    "基本每股收益": 0.35,
    "稀释每股收益": 0.35,
    "加权平均净资产收益率": 0.3032,
    "经营活动产生的现金流量净额": "96,658,500.00",
    "现金分红": "792.00注",
    "研发投入占营业收入的比例": "14.46%",
    "息税折旧摊销前利润": ""
  },
  {
    "公司名称": "2019-05-06中国电器科学研究院股份有限公司科创板首次公开发行股票招股说明书（申报稿）",
    "原文链接": "http://static.sse.com.cn/stock/information/c/201905/1df7e1ef13d14f9a8cfcdb786c2674eb.pdf",
    "报告期": "2019-03-31",
    "数据期": "2019-01-03",
    "所在页": 24,
    "资产总额": "2,555,293,200.0",
    "归属于母公司所有者权益": "1,093,291,800.0",
    "资产负债率（母公司）": 0.3154,
    "资产负债率（合并）": null,
    "营业收入": "675,994,800.0",
    "净利润": "53,123,100.0",
    "归属于母公司所有者的净利润": "53,456,000.0",
    "扣除非经常性损益后归属于母公司所有者的净利润": "45,864,300.0",
    "基本每股收益": 0.15,
    "稀释每股收益": 0.15,
    "加权平均净资产收益率": 0.0506,
    "经营活动产生的现金流量净额": "6,221,800.0",
    "现金分红": "-",
    "研发投入占营业收入的比例": "4.35%",
    "息税折旧摊销前利润": ""
  },
  {
    "公司名称": "2019-05-06中国电器科学研究院股份有限公司科创板首次公开发行股票招股说明书（申报稿）",
    "原文链接": "http://static.sse.com.cn/stock/information/c/201905/1df7e1ef13d14f9a8cfcdb786c2674eb.pdf",
    "报告期": "2019-03-31",
    "数据期": "2018-12-31",
    "所在页": 24,
    "资产总额": "2,635,817,700.0",
    "归属于母公司所有者权益": "1,022,416,500.0",
    "资产负债率（母公司）": 0.3103,
    "资产负债率（合并）": null,
    "营业收入": "2,597,796,900.0",
    "净利润": "210,271,900.0",
    "归属于母公司所有者的净利润": "206,910,100.0",
    "扣除非经常性损益后归属于母公司所有者的净利润": "177,074,900.0",
    "基本每股收益": 0.58,
    "稀释每股收益": 0.58,
    "加权平均净资产收益率": 0.1898,
    "经营活动产生的现金流量净额": "174,100,200.0",
    "现金分红": "151,463,500.0",
    "研发投入占营业收入的比例": "7.67%",
    "息税折旧摊销前利润": ""
  },
  {
    "公司名称": "2019-05-06中国电器科学研究院股份有限公司科创板首次公开发行股票招股说明书（申报稿）",
    "原文链接": "http://static.sse.com.cn/stock/information/c/201905/1df7e1ef13d14f9a8cfcdb786c2674eb.pdf",
    "报告期": "2019-03-31",
    "数据期": "2017-12-31",
    "所在页": 24,
    "资产总额": "2,390,578,500.0",
    "归属于母公司所有者权益": "986,567,200.0",
    "资产负债率（母公司）": 0.2678,
    "资产负债率（合并）": null,
    "营业收入": "1,942,362,600.0",
    "净利润": "111,315,200.0",
    "归属于母公司所有者的净利润": "111,900,700.0",
    "扣除非经常性损益后归属于母公司所有者的净利润": "78,621,700.0",
    "基本每股收益": 0.39,
    "稀释每股收益": 0.39,
    "加权平均净资产收益率": 0.1716,
    "经营活动产生的现金流量净额": "135,884,700.0",
    "现金分红": "-",
    "研发投入占营业收入的比例": "8.34%",
    "息税折旧摊销前利润": ""
  },
  {
    "公司名称": "2019-05-06中国电器科学研究院股份有限公司科创板首次公开发行股票招股说明书（申报稿）",
    "原文链接": "http://static.sse.com.cn/stock/information/c/201905/1df7e1ef13d14f9a8cfcdb786c2674eb.pdf",
    "报告期": "2019-03-31",
    "数据期": "2016-12-31",
    "所在页": 24,
    "资产总额": "1,811,231,100.0",
    "归属于母公司所有者权益": "374,527,600.0",
    "资产负债率（母公司）": 0.5094,
    "资产负债率（合并）": null,
    "营业收入": "1,581,061,100.0",
    "净利润": "131,644,700.0",
    "归属于母公司所有者的净利润": "130,995,900.0",
    "扣除非经常性损益后归属于母公司所有者的净利润": "19,931,900.0",
    "基本每股收益": 0.62,
    "稀释每股收益": 0.62,
    "加权平均净资产收益率": 0.1853,
    "经营活动产生的现金流量净额": "160,200,400.0",
    "现金分红": "373,395,900.0",
    "研发投入占营业收入的比例": "8.94%",
    "息税折旧摊销前利润": ""
  },
  {
    "公司名称": "2019-04-04深圳市杰普特光电股份有限公司科创板首次公开发行股票招股说明书（申报稿）",
    "原文链接": "http://static.sse.com.cn/stock/information/c/201904/2508110da18241048f6c87127ace6ec1.pdf",
    "报告期": "2019-03-31",
    "数据期": "2019-01-03",
    "所在页": 41,
    "资产总额": "",
    "归属于母公司所有者权益": "",
    "资产负债率（母公司）": null,
    "资产负债率（合并）": null,
    "营业收入": "",
    "净利润": "",
    "归属于母公司所有者的净利润": "",
    "扣除非经常性损益后归属于母公司所有者的净利润": "",
    "基本每股收益": "",
    "稀释每股收益": "",
    "加权平均净资产收益率": null,
    "经营活动产生的现金流量净额": "",
    "现金分红": "",
    "研发投入占营业收入的比例": "",
    "息税折旧摊销前利润": ""
  },
  {
    "公司名称": "2019-04-04深圳市杰普特光电股份有限公司科创板首次公开发行股票招股说明书（申报稿）",
    "原文链接": "http://static.sse.com.cn/stock/information/c/201904/2508110da18241048f6c87127ace6ec1.pdf",
    "报告期": "2019-03-31",
    "数据期": "2018-12-31",
    "所在页": 41,
    "资产总额": "832,132,600.00",
    "归属于母公司所有者权益": "590,862,500.00",
    "资产负债率（母公司）": 0.3132,
    "资产负债率（合并）": null,
    "营业收入": "666,254,200.00",
    "净利润": "93,361,000.0",
    "归属于母公司所有者的净利润": "93,361,000.0",
    "扣除非经常性损益后归属于母公司所有者的净利润": "82,650,300.00",
    "基本每股收益": 1.41,
    "稀释每股收益": 1.41,
    "加权平均净资产收益率": 0.243,
    "经营活动产生的现金流量净额": "60,458,000.0",
    "现金分红": "15,000,000.0",
    "研发投入占营业收入的比例": "8.01%",
    "息税折旧摊销前利润": ""
  },
  {
    "公司名称": "2019-04-04深圳市杰普特光电股份有限公司科创板首次公开发行股票招股说明书（申报稿）",
    "原文链接": "http://static.sse.com.cn/stock/information/c/201904/2508110da18241048f6c87127ace6ec1.pdf",
    "报告期": "2019-03-31",
    "数据期": "2017-12-31",
    "所在页": 41,
    "资产总额": "572,600,500.00",
    "归属于母公司所有者权益": "329,961,700.00",
    "资产负债率（母公司）": 0.4412,
    "资产负债率（合并）": null,
    "营业收入": "633,339,300.00",
    "净利润": "87,669,100.00",
    "归属于母公司所有者的净利润": "87,669,100.00",
    "扣除非经常性损益后归属于母公司所有者的净利润": "80,813,800.00",
    "基本每股收益": 1.38,
    "稀释每股收益": 1.38,
    "加权平均净资产收益率": 0.3491,
    "经营活动产生的现金流量净额": "-42,923,200.00",
    "现金分红": "-",
    "研发投入占营业收入的比例": "7.44%",
    "息税折旧摊销前利润": ""
  },
  {
    "公司名称": "2019-04-04深圳市杰普特光电股份有限公司科创板首次公开发行股票招股说明书（申报稿）",
    "原文链接": "http://static.sse.com.cn/stock/information/c/201904/2508110da18241048f6c87127ace6ec1.pdf",
    "报告期": "2019-03-31",
    "数据期": "2016-12-31",
    "所在页": 41,
    "资产总额": "246,279,700.00",
    "归属于母公司所有者权益": "137,301,500.00",
    "资产负债率（母公司）": 0.3929,
    "资产负债率（合并）": null,
    "营业收入": "253,486,700.00",
    "净利润": "6,180,700.00",
    "归属于母公司所有者的净利润": "6,180,700.00",
    "扣除非经常性损益后归属于母公司所有者的净利润": "18,556,600.00",
    "基本每股收益": 0.1,
    "稀释每股收益": 0.1,
    "加权平均净资产收益率": 0.0532,
    "经营活动产生的现金流量净额": "3,962,000.0",
    "现金分红": "-",
    "研发投入占营业收入的比例": "7.33%",
    "息税折旧摊销前利润": ""
  },
  {
    "公司名称": "2019-04-19宁波长阳科技股份有限公司科创板首次公开发行股票招股说明书（申报稿）",
    "原文链接": "http://static.sse.com.cn/stock/information/c/201904/50157817255246d689b338ff7c029884.pdf",
    "报告期": "2019-03-31",
    "数据期": "2019-01-03",
    "所在页": 16,
    "资产总额": "",
    "归属于母公司所有者权益": "",
    "资产负债率（母公司）": null,
    "资产负债率（合并）": null,
    "营业收入": "",
    "净利润": "",
    "归属于母公司所有者的净利润": "",
    "扣除非经常性损益后归属于母公司所有者的净利润": "",
    "基本每股收益": "",
    "稀释每股收益": "",
    "加权平均净资产收益率": null,
    "经营活动产生的现金流量净额": "",
    "现金分红": "",
    "研发投入占营业收入的比例": "",
    "息税折旧摊销前利润": ""
  },
  {
    "公司名称": "2019-04-19宁波长阳科技股份有限公司科创板首次公开发行股票招股说明书（申报稿）",
    "原文链接": "http://static.sse.com.cn/stock/information/c/201904/50157817255246d689b338ff7c029884.pdf",
    "报告期": "2019-03-31",
    "数据期": "2018-12-31",
    "所在页": 16,
    "资产总额": "1,274,220,700.00",
    "归属于母公司所有者权益": "612,152,600.00",
    "资产负债率（母公司）": 0.5191,
    "资产负债率（合并）": null,
    "营业收入": "691,039,900.00",
    "净利润": "86,787,800.00",
    "归属于母公司所有者的净利润": "",
    "扣除非经常性损益后归属于母公司所有者的净利润": "77,435,600.00",
    "基本每股收益": 0.41,
    "稀释每股收益": 0.41,
    "加权平均净资产收益率": 0.1527,
    "经营活动产生的现金流量净额": "107,865,300.00",
    "现金分红": "-",
    "研发投入占营业收入的比例": "3.96%",
    "息税折旧摊销前利润": ""
  },
  {
    "公司名称": "2019-04-19宁波长阳科技股份有限公司科创板首次公开发行股票招股说明书（申报稿）",
    "原文链接": "http://static.sse.com.cn/stock/information/c/201904/50157817255246d689b338ff7c029884.pdf",
    "报告期": "2019-03-31",
    "数据期": "2017-12-31",
    "所在页": 16,
    "资产总额": "1,092,415,700.00",
    "归属于母公司所有者权益": "525,140,500.00",
    "资产负债率（母公司）": 0.5152,
    "资产负债率（合并）": null,
    "营业收入": "467,460,200.00",
    "净利润": "25,974,800.00",
    "归属于母公司所有者的净利润": "",
    "扣除非经常性损益后归属于母公司所有者的净利润": "20,099,200.00",
    "基本每股收益": 0.13,
    "稀释每股收益": 0.13,
    "加权平均净资产收益率": 0.0643,
    "经营活动产生的现金流量净额": "14,863,000.0",
    "现金分红": "-",
    "研发投入占营业收入的比例": "4.62%",
    "息税折旧摊销前利润": ""
  },
  {
    "公司名称": "2019-04-19宁波长阳科技股份有限公司科创板首次公开发行股票招股说明书（申报稿）",
    "原文链接": "http://static.sse.com.cn/stock/information/c/201904/50157817255246d689b338ff7c029884.pdf",
    "报告期": "2019-03-31",
    "数据期": "2016-12-31",
    "所在页": 16,
    "资产总额": "962,738,700.00",
    "归属于母公司所有者权益": "190,988,200.00",
    "资产负债率（母公司）": 0.8037,
    "资产负债率（合并）": null,
    "营业收入": "380,377,400.00",
    "净利润": "27,777,300.00",
    "归属于母公司所有者的净利润": "",
    "扣除非经常性损益后归属于母公司所有者的净利润": "17,857,300.00",
    "基本每股收益": 0.17,
    "稀释每股收益": 0.17,
    "加权平均净资产收益率": 0.1568,
    "经营活动产生的现金流量净额": "63,766,800.00",
    "现金分红": "-",
    "研发投入占营业收入的比例": "2.75%",
    "息税折旧摊销前利润": ""
  },
  {
    "公司名称": "2019-04-10华熙生物科技股份有限公司科创板首次公开发行股票招股说明书（申报稿）",
    "原文链接": "http://static.sse.com.cn/stock/information/c/201904/c5ef5bad68fc470c81f930e25b2ae54d.pdf",
    "报告期": "2019-03-31",
    "数据期": "2019-01-03",
    "所在页": 44,
    "资产总额": "",
    "归属于母公司所有者权益": "",
    "资产负债率（母公司）": null,
    "资产负债率（合并）": null,
    "营业收入": "",
    "净利润": "",
    "归属于母公司所有者的净利润": "",
    "扣除非经常性损益后归属于母公司所有者的净利润": "",
    "基本每股收益": "",
    "稀释每股收益": "",
    "加权平均净资产收益率": null,
    "经营活动产生的现金流量净额": "",
    "现金分红": "",
    "研发投入占营业收入的比例": "",
    "息税折旧摊销前利润": ""
  },
  {
    "公司名称": "2019-04-10华熙生物科技股份有限公司科创板首次公开发行股票招股说明书（申报稿）",
    "原文链接": "http://static.sse.com.cn/stock/information/c/201904/c5ef5bad68fc470c81f930e25b2ae54d.pdf",
    "报告期": "2019-03-31",
    "数据期": "2018-12-31",
    "所在页": 44,
    "资产总额": "2,071,004,100.00",
    "归属于母公司所有者权益": "1,717,237,000.0",
    "资产负债率（母公司）": 0.0877,
    "资产负债率（合并）": null,
    "营业收入": "1,263,145,700.00",
    "净利润": "423,860,000.0",
    "归属于母公司所有者的净利润": "423,860,000.0",
    "扣除非经常性损益后归属于母公司所有者的净利润": "423,659,900.00",
    "基本每股收益": "",
    "稀释每股收益": "",
    "加权平均净资产收益率": 0.244,
    "经营活动产生的现金流量净额": "442,299,700.00",
    "现金分红": "1,008,000,000.0",
    "研发投入占营业收入的比例": "4.19%",
    "息税折旧摊销前利润": ""
  },
  {
    "公司名称": "2019-04-10华熙生物科技股份有限公司科创板首次公开发行股票招股说明书（申报稿）",
    "原文链接": "http://static.sse.com.cn/stock/information/c/201904/c5ef5bad68fc470c81f930e25b2ae54d.pdf",
    "报告期": "2019-03-31",
    "数据期": "2017-12-31",
    "所在页": 44,
    "资产总额": "1,883,048,500.00",
    "归属于母公司所有者权益": "1,637,693,800.00",
    "资产负债率（母公司）": 0.0638,
    "资产负债率（合并）": null,
    "营业收入": "818,049,200.00",
    "净利润": "222,268,900.00",
    "归属于母公司所有者的净利润": "222,268,900.00",
    "扣除非经常性损益后归属于母公司所有者的净利润": "222,963,700.00",
    "基本每股收益": "",
    "稀释每股收益": "",
    "加权平均净资产收益率": 0.149,
    "经营活动产生的现金流量净额": "343,421,100.00",
    "现金分红": "12,461,200.00",
    "研发投入占营业收入的比例": "3.14%",
    "息税折旧摊销前利润": ""
  },
  {
    "公司名称": "2019-04-10华熙生物科技股份有限公司科创板首次公开发行股票招股说明书（申报稿）",
    "原文链接": "http://static.sse.com.cn/stock/information/c/201904/c5ef5bad68fc470c81f930e25b2ae54d.pdf",
    "报告期": "2019-03-31",
    "数据期": "2016-12-31",
    "所在页": 44,
    "资产总额": "1,684,191,000.0",
    "归属于母公司所有者权益": "1,260,663,000.0",
    "资产负债率（母公司）": 0.2254,
    "资产负债率（合并）": null,
    "营业收入": "733,122,600.00",
    "净利润": "269,429,000.0",
    "归属于母公司所有者的净利润": "269,429,000.0",
    "扣除非经常性损益后归属于母公司所有者的净利润": "231,310,000.0",
    "基本每股收益": "",
    "稀释每股收益": "",
    "加权平均净资产收益率": 0.2414,
    "经营活动产生的现金流量净额": "241,675,300.00",
    "现金分红": "11,538,100.00",
    "研发投入占营业收入的比例": "3.27%",
    "息税折旧摊销前利润": ""
  },
  {
    "公司名称": "2019-03-22晶晨半导体（上海）股份有限公司科创板首次公开发行股票招股说明书（申报稿）",
    "原文链接": "http://static.sse.com.cn/stock/information/c/201903/19b082c6c82d4687be01ab4bb84e3275.pdf",
    "报告期": "2019-03-31",
    "数据期": "2019-01-03",
    "所在页": 49,
    "资产总额": "",
    "归属于母公司所有者权益": "",
    "资产负债率（母公司）": null,
    "资产负债率（合并）": null,
    "营业收入": "",
    "净利润": "",
    "归属于母公司所有者的净利润": "",
    "扣除非经常性损益后归属于母公司所有者的净利润": "",
    "基本每股收益": "",
    "稀释每股收益": "",
    "加权平均净资产收益率": null,
    "经营活动产生的现金流量净额": "",
    "现金分红": "",
    "研发投入占营业收入的比例": "",
    "息税折旧摊销前利润": ""
  },
  {
    "公司名称": "2019-03-22晶晨半导体（上海）股份有限公司科创板首次公开发行股票招股说明书（申报稿）",
    "原文链接": "http://static.sse.com.cn/stock/information/c/201903/19b082c6c82d4687be01ab4bb84e3275.pdf",
    "报告期": "2019-03-31",
    "数据期": "2018-12-31",
    "所在页": 49,
    "资产总额": "1,646,194,500.00",
    "归属于母公司所有者权益": "1,121,635,800.00",
    "资产负债率（母公司）": 0.3811,
    "资产负债率（合并）": 0.316,
    "营业收入": "2,369,069,400.00",
    "净利润": "282,339,500.00",
    "归属于母公司所有者的净利润": "282,530,900.00",
    "扣除非经常性损益后归属于母公司所有者的净利润": "270,925,200.00",
    "基本每股收益": 0.76,
    "稀释每股收益": 0.76,
    "加权平均净资产收益率": 0.2779,
    "经营活动产生的现金流量净额": "185,140,800.00",
    "现金分红": "-",
    "研发投入占营业收入的比例": "15.88%",
    "息税折旧摊销前利润": ""
  },
  {
    "公司名称": "2019-03-22晶晨半导体（上海）股份有限公司科创板首次公开发行股票招股说明书（申报稿）",
    "原文链接": "http://static.sse.com.cn/stock/information/c/201903/19b082c6c82d4687be01ab4bb84e3275.pdf",
    "报告期": "2019-03-31",
    "数据期": "2017-12-31",
    "所在页": 49,
    "资产总额": "1,152,978,500.00",
    "归属于母公司所有者权益": "829,316,300.00",
    "资产负债率（母公司）": 0.2826,
    "资产负债率（合并）": 0.2807,
    "营业收入": "1,690,487,600.00",
    "净利润": "77,915,300.00",
    "归属于母公司所有者的净利润": "78,091,300.00",
    "扣除非经常性损益后归属于母公司所有者的净利润": "160,549,300.00",
    "基本每股收益": 0.21,
    "稀释每股收益": 0.21,
    "加权平均净资产收益率": 0.2261,
    "经营活动产生的现金流量净额": "176,852,900.00",
    "现金分红": "-",
    "研发投入占营业收入的比例": "15.8%",
    "息税折旧摊销前利润": ""
  },
  {
    "公司名称": "2019-03-22晶晨半导体（上海）股份有限公司科创板首次公开发行股票招股说明书（申报稿）",
    "原文链接": "http://static.sse.com.cn/stock/information/c/201903/19b082c6c82d4687be01ab4bb84e3275.pdf",
    "报告期": "2019-03-31",
    "数据期": "2016-12-31",
    "所在页": 49,
    "资产总额": "519,616,100.00",
    "归属于母公司所有者权益": "222,672,800.00",
    "资产负债率（母公司）": 0.4132,
    "资产负债率（合并）": 0.5514,
    "营业收入": "1,149,533,200.00",
    "净利润": "73,016,500.00",
    "归属于母公司所有者的净利润": "73,016,500.00",
    "扣除非经常性损益后归属于母公司所有者的净利润": "65,156,500.00",
    "基本每股收益": "不适用",
    "稀释每股收益": "不适用",
    "加权平均净资产收益率": 0.3607,
    "经营活动产生的现金流量净额": "71,891,000.0",
    "现金分红": "-",
    "研发投入占营业收入的比例": "18.34%",
    "息税折旧摊销前利润": ""
  },
  {
    "公司名称": "2019-04-12北京航天宏图信息技术股份有限公司科创板首次公开发行股票招股说明书（申报稿）",
    "原文链接": "http://static.sse.com.cn/stock/information/c/201904/6deb0e7d38434156a98260ad09e15f09.pdf",
    "报告期": "2019-03-31",
    "数据期": "2019-01-03",
    "所在页": 22,
    "资产总额": "",
    "归属于母公司所有者权益": "",
    "资产负债率（母公司）": null,
    "资产负债率（合并）": null,
    "营业收入": "",
    "净利润": "",
    "归属于母公司所有者的净利润": "",
    "扣除非经常性损益后归属于母公司所有者的净利润": "",
    "基本每股收益": "",
    "稀释每股收益": "",
    "加权平均净资产收益率": null,
    "经营活动产生的现金流量净额": "",
    "现金分红": "",
    "研发投入占营业收入的比例": "",
    "息税折旧摊销前利润": ""
  },
  {
    "公司名称": "2019-04-12北京航天宏图信息技术股份有限公司科创板首次公开发行股票招股说明书（申报稿）",
    "原文链接": "http://static.sse.com.cn/stock/information/c/201904/6deb0e7d38434156a98260ad09e15f09.pdf",
    "报告期": "2019-03-31",
    "数据期": "2018-12-31",
    "所在页": 22,
    "资产总额": "756,442,400.00",
    "归属于母公司所有者权益": "472,478,200.00",
    "资产负债率（母公司）": 0.3457,
    "资产负债率（合并）": null,
    "营业收入": "415,655,900.00",
    "净利润": "61,612,200.00",
    "归属于母公司所有者的净利润": "61,678,700.00",
    "扣除非经常性损益后归属于母公司所有者的净利润": "60,187,900.00",
    "基本每股收益": 0.5,
    "稀释每股收益": 0.5,
    "加权平均净资产收益率": 0.1392,
    "经营活动产生的现金流量净额": "-11,458,300.00",
    "现金分红": "",
    "研发投入占营业收入的比例": "12.09%",
    "息税折旧摊销前利润": ""
  },
  {
    "公司名称": "2019-04-12北京航天宏图信息技术股份有限公司科创板首次公开发行股票招股说明书（申报稿）",
    "原文链接": "http://static.sse.com.cn/stock/information/c/201904/6deb0e7d38434156a98260ad09e15f09.pdf",
    "报告期": "2019-03-31",
    "数据期": "2017-12-31",
    "所在页": 22,
    "资产总额": "549,761,900.00",
    "归属于母公司所有者权益": "413,135,700.00",
    "资产负债率（母公司）": 0.238,
    "资产负债率（合并）": null,
    "营业收入": "288,009,700.00",
    "净利润": "44,020,900.00",
    "归属于母公司所有者的净利润": "45,379,100.00",
    "扣除非经常性损益后归属于母公司所有者的净利润": "42,435,600.00",
    "基本每股收益": 0.38,
    "稀释每股收益": 0.38,
    "加权平均净资产收益率": 0.1293,
    "经营活动产生的现金流量净额": "4,132,900.00",
    "现金分红": "",
    "研发投入占营业收入的比例": "13.03%",
    "息税折旧摊销前利润": ""
  },
  {
    "公司名称": "2019-04-12北京航天宏图信息技术股份有限公司科创板首次公开发行股票招股说明书（申报稿）",
    "原文链接": "http://static.sse.com.cn/stock/information/c/201904/6deb0e7d38434156a98260ad09e15f09.pdf",
    "报告期": "2019-03-31",
    "数据期": "2016-12-31",
    "所在页": 22,
    "资产总额": "309,612,800.00",
    "归属于母公司所有者权益": "210,089,200.00",
    "资产负债率（母公司）": 0.3097,
    "资产负债率（合并）": null,
    "营业收入": "190,927,300.00",
    "净利润": "30,469,700.00",
    "归属于母公司所有者的净利润": "31,586,100.00",
    "扣除非经常性损益后归属于母公司所有者的净利润": "32,076,500.00",
    "基本每股收益": 0.31,
    "稀释每股收益": 0.31,
    "加权平均净资产收益率": 0.2592,
    "经营活动产生的现金流量净额": "-44,652,900.00",
    "现金分红": "",
    "研发投入占营业收入的比例": "16.87%",
    "息税折旧摊销前利润": ""
  },
  {
    "公司名称": "2019-04-03北京龙软科技股份有限公司科创板首次公开发行股票招股说明书（申报稿）",
    "原文链接": "http://static.sse.com.cn/stock/information/c/201904/871adb34c55a4f42bbb047cdc17e8bd6.pdf",
    "报告期": "2019-03-31",
    "数据期": "2019-01-03",
    "所在页": 34,
    "资产总额": "",
    "归属于母公司所有者权益": "",
    "资产负债率（母公司）": null,
    "资产负债率（合并）": null,
    "营业收入": "",
    "净利润": "",
    "归属于母公司所有者的净利润": "",
    "扣除非经常性损益后归属于母公司所有者的净利润": "",
    "基本每股收益": "",
    "稀释每股收益": "",
    "加权平均净资产收益率": null,
    "经营活动产生的现金流量净额": "",
    "现金分红": "",
    "研发投入占营业收入的比例": "",
    "息税折旧摊销前利润": ""
  },
  {
    "公司名称": "2019-04-03北京龙软科技股份有限公司科创板首次公开发行股票招股说明书（申报稿）",
    "原文链接": "http://static.sse.com.cn/stock/information/c/201904/871adb34c55a4f42bbb047cdc17e8bd6.pdf",
    "报告期": "2019-03-31",
    "数据期": "2018-12-31",
    "所在页": 34,
    "资产总额": "218,924,500.00",
    "归属于母公司所有者权益": "157,620,300.00",
    "资产负债率（母公司）": 0.285,
    "资产负债率（合并）": 0.28,
    "营业收入": "125,477,400.00",
    "净利润": "31,147,300.00",
    "归属于母公司所有者的净利润": "31,147,300.00",
    "扣除非经常性损益后归属于母公司所有者的净利润": "31,764,600.00",
    "基本每股收益": 0.59,
    "稀释每股收益": 0.59,
    "加权平均净资产收益率": 0.213,
    "经营活动产生的现金流量净额": "8,133,600.00",
    "现金分红": "8,914,100.00",
    "研发投入占营业收入的比例": "9.23%",
    "息税折旧摊销前利润": ""
  },
  {
    "公司名称": "2019-04-03北京龙软科技股份有限公司科创板首次公开发行股票招股说明书（申报稿）",
    "原文链接": "http://static.sse.com.cn/stock/information/c/201904/871adb34c55a4f42bbb047cdc17e8bd6.pdf",
    "报告期": "2019-03-31",
    "数据期": "2017-12-31",
    "所在页": 34,
    "资产总额": "202,730,000.0",
    "归属于母公司所有者权益": "136,448,300.00",
    "资产负债率（母公司）": 0.3314,
    "资产负债率（合并）": 0.3269,
    "营业收入": "107,269,000.0",
    "净利润": "21,601,900.00",
    "归属于母公司所有者的净利润": "21,601,900.00",
    "扣除非经常性损益后归属于母公司所有者的净利润": "22,727,000.0",
    "基本每股收益": 0.41,
    "稀释每股收益": 0.41,
    "加权平均净资产收益率": 0.1759,
    "经营活动产生的现金流量净额": "17,467,700.00",
    "现金分红": "9,975,300.00",
    "研发投入占营业收入的比例": "9.77%",
    "息税折旧摊销前利润": ""
  },
  {
    "公司名称": "2019-04-03北京龙软科技股份有限公司科创板首次公开发行股票招股说明书（申报稿）",
    "原文链接": "http://static.sse.com.cn/stock/information/c/201904/871adb34c55a4f42bbb047cdc17e8bd6.pdf",
    "报告期": "2019-03-31",
    "数据期": "2016-12-31",
    "所在页": 34,
    "资产总额": "174,436,100.00",
    "归属于母公司所有者权益": "106,247,800.00",
    "资产负债率（母公司）": 0.3959,
    "资产负债率（合并）": 0.3909,
    "营业收入": "79,334,900.00",
    "净利润": "3,020,100.00",
    "归属于母公司所有者的净利润": "3,020,100.00",
    "扣除非经常性损益后归属于母公司所有者的净利润": "2,452,700.00",
    "基本每股收益": 0.06,
    "稀释每股收益": 0.06,
    "加权平均净资产收益率": 0.0288,
    "经营活动产生的现金流量净额": "-17,659,200.00",
    "现金分红": "-",
    "研发投入占营业收入的比例": "12.72%",
    "息税折旧摊销前利润": ""
  },
  {
    "公司名称": "2019-04-11江苏联瑞新材料股份有限公司科创板首次公开发行股票招股说明书（申报稿）",
    "原文链接": "http://static.sse.com.cn/stock/information/c/201904/ad469102310740928daca5d6c69a532d.pdf",
    "报告期": "2019-03-31",
    "数据期": "2019-01-03",
    "所在页": 41,
    "资产总额": "",
    "归属于母公司所有者权益": "",
    "资产负债率（母公司）": null,
    "资产负债率（合并）": null,
    "营业收入": "",
    "净利润": "",
    "归属于母公司所有者的净利润": "",
    "扣除非经常性损益后归属于母公司所有者的净利润": "",
    "基本每股收益": "",
    "稀释每股收益": "",
    "加权平均净资产收益率": null,
    "经营活动产生的现金流量净额": "",
    "现金分红": "",
    "研发投入占营业收入的比例": "",
    "息税折旧摊销前利润": ""
  },
  {
    "公司名称": "2019-04-11江苏联瑞新材料股份有限公司科创板首次公开发行股票招股说明书（申报稿）",
    "原文链接": "http://static.sse.com.cn/stock/information/c/201904/ad469102310740928daca5d6c69a532d.pdf",
    "报告期": "2019-03-31",
    "数据期": "2018-12-31",
    "所在页": 41,
    "资产总额": "413,731,100.00",
    "归属于母公司所有者权益": "319,545,100.00",
    "资产负债率（母公司）": null,
    "资产负债率（合并）": 0.2277,
    "营业收入": "278,106,000.0",
    "净利润": "58,366,500.00",
    "归属于母公司所有者的净利润": "58,366,500.00",
    "扣除非经常性损益后归属于母公司所有者的净利润": "56,243,700.00",
    "基本每股收益": 0.93,
    "稀释每股收益": 0.93,
    "加权平均净资产收益率": 0.2241,
    "经营活动产生的现金流量净额": "",
    "现金分红": "",
    "研发投入占营业收入的比例": "",
    "息税折旧摊销前利润": ""
  },
  {
    "公司名称": "2019-04-11江苏联瑞新材料股份有限公司科创板首次公开发行股票招股说明书（申报稿）",
    "原文链接": "http://static.sse.com.cn/stock/information/c/201904/ad469102310740928daca5d6c69a532d.pdf",
    "报告期": "2019-03-31",
    "数据期": "2017-12-31",
    "所在页": 41,
    "资产总额": "303,090,700.00",
    "归属于母公司所有者权益": "192,981,200.00",
    "资产负债率（母公司）": null,
    "资产负债率（合并）": 0.3633,
    "营业收入": "210,960,200.00",
    "净利润": "42,248,900.00",
    "归属于母公司所有者的净利润": "42,248,900.00",
    "扣除非经常性损益后归属于母公司所有者的净利润": "36,202,700.00",
    "基本每股收益": 0.7,
    "稀释每股收益": 0.7,
    "加权平均净资产收益率": 0.2389,
    "经营活动产生的现金流量净额": "",
    "现金分红": "",
    "研发投入占营业收入的比例": "",
    "息税折旧摊销前利润": ""
  },
  {
    "公司名称": "2019-04-11江苏联瑞新材料股份有限公司科创板首次公开发行股票招股说明书（申报稿）",
    "原文链接": "http://static.sse.com.cn/stock/information/c/201904/ad469102310740928daca5d6c69a532d.pdf",
    "报告期": "2019-03-31",
    "数据期": "2016-12-31",
    "所在页": 41,
    "资产总额": "244,178,900.00",
    "归属于母公司所有者权益": "162,728,300.00",
    "资产负债率（母公司）": null,
    "资产负债率（合并）": 0.3336,
    "营业收入": "153,632,700.00",
    "净利润": "32,709,000.0",
    "归属于母公司所有者的净利润": "32,709,000.0",
    "扣除非经常性损益后归属于母公司所有者的净利润": "24,830,100.00",
    "基本每股收益": 0.57,
    "稀释每股收益": 0.57,
    "加权平均净资产收益率": 0.2376,
    "经营活动产生的现金流量净额": "",
    "现金分红": "",
    "研发投入占营业收入的比例": "",
    "息税折旧摊销前利润": ""
  },
  {
    "公司名称": "2019-04-19锦州神工半导体股份有限公司科创板首次公开发行股票招股说明书（申报稿）",
    "原文链接": "http://static.sse.com.cn/stock/information/c/201904/11acabe3f8c446e4a5b9f28e4fbdaaed.pdf",
    "报告期": "2019-03-31",
    "数据期": "2019-01-03",
    "所在页": 18,
    "资产总额": "",
    "归属于母公司所有者权益": "",
    "资产负债率（母公司）": null,
    "资产负债率（合并）": null,
    "营业收入": "",
    "净利润": "",
    "归属于母公司所有者的净利润": "",
    "扣除非经常性损益后归属于母公司所有者的净利润": "",
    "基本每股收益": "",
    "稀释每股收益": "",
    "加权平均净资产收益率": null,
    "经营活动产生的现金流量净额": "",
    "现金分红": "",
    "研发投入占营业收入的比例": "",
    "息税折旧摊销前利润": ""
  },
  {
    "公司名称": "2019-04-19锦州神工半导体股份有限公司科创板首次公开发行股票招股说明书（申报稿）",
    "原文链接": "http://static.sse.com.cn/stock/information/c/201904/11acabe3f8c446e4a5b9f28e4fbdaaed.pdf",
    "报告期": "2019-03-31",
    "数据期": "2018-12-31",
    "所在页": 18,
    "资产总额": "360,966,200.00",
    "归属于母公司所有者权益": "334,351,400.00",
    "资产负债率（母公司）": 0.0691,
    "资产负债率（合并）": 0.0737,
    "营业收入": "282,535,700.00",
    "净利润": "106,576,000.0",
    "归属于母公司所有者的净利润": "106,576,000.0",
    "扣除非经常性损益后归属于母公司所有者的净利润": "132,852,800.00",
    "基本每股收益": 0.9,
    "稀释每股收益": 0.9,
    "加权平均净资产收益率": 0.4176,
    "经营活动产生的现金流量净额": "114,234,400.00",
    "现金分红": "-",
    "研发投入占营业收入的比例": "3.86%",
    "息税折旧摊销前利润": ""
  },
  {
    "公司名称": "2019-04-19锦州神工半导体股份有限公司科创板首次公开发行股票招股说明书（申报稿）",
    "原文链接": "http://static.sse.com.cn/stock/information/c/201904/11acabe3f8c446e4a5b9f28e4fbdaaed.pdf",
    "报告期": "2019-03-31",
    "数据期": "2017-12-31",
    "所在页": 18,
    "资产总额": "175,519,900.00",
    "归属于母公司所有者权益": "158,528,300.00",
    "资产负债率（母公司）": 0.0784,
    "资产负债率（合并）": 0.0968,
    "营业收入": "126,420,700.00",
    "净利润": "45,852,800.00",
    "归属于母公司所有者的净利润": "45,852,800.00",
    "扣除非经常性损益后归属于母公司所有者的净利润": "44,900,200.00",
    "基本每股收益": "-",
    "稀释每股收益": "-",
    "加权平均净资产收益率": 0.3965,
    "经营活动产生的现金流量净额": "31,992,600.00",
    "现金分红": "-",
    "研发投入占营业收入的比例": "4.11%",
    "息税折旧摊销前利润": ""
  },
  {
    "公司名称": "2019-04-19锦州神工半导体股份有限公司科创板首次公开发行股票招股说明书（申报稿）",
    "原文链接": "http://static.sse.com.cn/stock/information/c/201904/11acabe3f8c446e4a5b9f28e4fbdaaed.pdf",
    "报告期": "2019-03-31",
    "数据期": "2016-12-31",
    "所在页": 18,
    "资产总额": "97,411,700.00",
    "归属于母公司所有者权益": "92,539,000.0",
    "资产负债率（母公司）": 0.0471,
    "资产负债率（合并）": 0.05,
    "营业收入": "44,198,100.00",
    "净利润": "10,697,300.00",
    "归属于母公司所有者的净利润": "10,697,300.00",
    "扣除非经常性损益后归属于母公司所有者的净利润": "10,229,300.00",
    "基本每股收益": "-",
    "稀释每股收益": "-",
    "加权平均净资产收益率": 0.1301,
    "经营活动产生的现金流量净额": "4,216,100.00",
    "现金分红": "1,000,000.0",
    "研发投入占营业收入的比例": "5.51%",
    "息税折旧摊销前利润": ""
  },
  {
    "公司名称": "2019-04-16深圳普门科技股份有限公司科创板首次公开发行股票招股说明书（申报稿）",
    "原文链接": "http://static.sse.com.cn/stock/information/c/201904/6f5d777199fe4f0d8958228d7ffb8e1e.pdf",
    "报告期": "2019-03-31",
    "数据期": "2019-01-03",
    "所在页": 18,
    "资产总额": "",
    "归属于母公司所有者权益": "",
    "资产负债率（母公司）": null,
    "资产负债率（合并）": null,
    "营业收入": "",
    "净利润": "",
    "归属于母公司所有者的净利润": "",
    "扣除非经常性损益后归属于母公司所有者的净利润": "",
    "基本每股收益": "",
    "稀释每股收益": "",
    "加权平均净资产收益率": null,
    "经营活动产生的现金流量净额": "",
    "现金分红": "",
    "研发投入占营业收入的比例": "",
    "息税折旧摊销前利润": ""
  },
  {
    "公司名称": "2019-04-16深圳普门科技股份有限公司科创板首次公开发行股票招股说明书（申报稿）",
    "原文链接": "http://static.sse.com.cn/stock/information/c/201904/6f5d777199fe4f0d8958228d7ffb8e1e.pdf",
    "报告期": "2019-03-31",
    "数据期": "2018-12-31",
    "所在页": 18,
    "资产总额": "811,927,000.0",
    "归属于母公司所有者权益": "668,392,500.00",
    "资产负债率（母公司）": 0.1751,
    "资产负债率（合并）": null,
    "营业收入": "323,429,300.00",
    "净利润": "81,144,000.0",
    "归属于母公司所有者的净利润": "81,144,000.0",
    "扣除非经常性损益后归属于母公司所有者的净利润": "51,468,500.00",
    "基本每股收益": 0.21,
    "稀释每股收益": 0.21,
    "加权平均净资产收益率": 0.1292,
    "经营活动产生的现金流量净额": "81,143,100.00",
    "现金分红": "-",
    "研发投入占营业收入的比例": "20.61%",
    "息税折旧摊销前利润": ""
  },
  {
    "公司名称": "2019-04-16深圳普门科技股份有限公司科创板首次公开发行股票招股说明书（申报稿）",
    "原文链接": "http://static.sse.com.cn/stock/information/c/201904/6f5d777199fe4f0d8958228d7ffb8e1e.pdf",
    "报告期": "2019-03-31",
    "数据期": "2017-12-31",
    "所在页": 18,
    "资产总额": "710,395,700.00",
    "归属于母公司所有者权益": "587,248,500.00",
    "资产负债率（母公司）": 0.1872,
    "资产负债率（合并）": null,
    "营业收入": "250,829,700.00",
    "净利润": "56,425,000.0",
    "归属于母公司所有者的净利润": "56,425,000.0",
    "扣除非经常性损益后归属于母公司所有者的净利润": "36,628,300.00",
    "基本每股收益": 0.16,
    "稀释每股收益": 0.16,
    "加权平均净资产收益率": 0.1414,
    "经营活动产生的现金流量净额": "35,252,000.0",
    "现金分红": "-",
    "研发投入占营业收入的比例": "19.92%",
    "息税折旧摊销前利润": ""
  },
  {
    "公司名称": "2019-04-16深圳普门科技股份有限公司科创板首次公开发行股票招股说明书（申报稿）",
    "原文链接": "http://static.sse.com.cn/stock/information/c/201904/6f5d777199fe4f0d8958228d7ffb8e1e.pdf",
    "报告期": "2019-03-31",
    "数据期": "2016-12-31",
    "所在页": 18,
    "资产总额": "497,516,600.00",
    "归属于母公司所有者权益": "370,823,500.00",
    "资产负债率（母公司）": 0.2856,
    "资产负债率（合并）": null,
    "营业收入": "174,536,200.00",
    "净利润": "10,384,300.00",
    "归属于母公司所有者的净利润": "10,384,300.00",
    "扣除非经常性损益后归属于母公司所有者的净利润": "14,182,600.00",
    "基本每股收益": "不适用",
    "稀释每股收益": "不适用",
    "加权平均净资产收益率": 0.0688,
    "经营活动产生的现金流量净额": "27,999,800.00",
    "现金分红": "-",
    "研发投入占营业收入的比例": "22.6%",
    "息税折旧摊销前利润": ""
  }
]